3226 4948
261 411 325 472 374
780 409 872 478 Spicss

261 651 280 728 ξ
307 649 354 710 19.
398 645 456 736 De
477 644 701 711 Aeolismis
723 644 953 710 Laconicae
975 643 1156 710 dialecto
1178 643 1388 710 Alcmanis
1431 641 1444 652 ’

724 742 929 808 admixtis.

347 877 491 943 Plurima
512 896 631 959 eorum,
653 878 768 960 quibus
783 877 976 944 Laconicam
999 876 1172 942 dialectum
1193 877 1391 942 acommuni

259 978 372 1060 lingua
394 974 523 1040 differre
544 982 679 1056 constat,
702 975 891 1042 Lesbiorum
914 993 1041 1057 quoque
1062 981 1154 1040 sunt:
1177 994 1280 1058 apro
1303 997 1328 1052 e,
1351 998 1389 1038 αι

260 1096 320 1159 pro
344 1097 384 1153 ει,
414 1097 436 1136 α
459 1091 517 1154 pro
540 1097 571 1158 η,
594 1093 696 1156 apro
719 1097 746 1137 ω
769 1079 854 1151 (ao),
883 1097 903 1158 η
927 1093 985 1154 pro
1009 1096 1050 1149 ει,
1074 1095 1101 1135 ω
1124 1093 1183 1154 pro
1205 1095 1255 1150 ov,
1285 1095 1304 1157 η
1328 1091 1389 1154 pro

261 1197 283 1236 α
306 1175 386 1249 (ae),
415 1192 487 1245 -ιος
512 1189 571 1253 pro
592 1194 668 1247 -εος
694 1193 787 1249 -ους,
816 1193 860 1235 oo
882 1190 940 1253 pro
963 1192 1000 1247 o,
1030 1168 1194 1251 digamma
1214 1176 1388 1251 servatum,

261 1268 537 1353 praepositionum
552 1287 707 1351 apocope,
730 1267 831 1333 dativi
849 1267 986 1350 pluralis
999 1266 1127 1348 longior
1140 1265 1244 1331 torma
1257 1269 1389 1346 (eoos),
1483 1326 1489 1330 .

261 1353 434 1432 declinatio
449 1364 622 1448 peculiaris
633 1365 779 1448 stirpium
794 1366 828 1430 in
844 1390 857 1430 ι
870 1363 1063 1444 exeuntium,
1079 1362 1274 1447 praepositio
1285 1361 1388 1440 πεδὰ,

260 1463 335 1530 alia.
379 1463 438 1528 His
461 1463 609 1529 omnibns
637 1462 764 1529 omissis
786 1483 825 1528 ea
854 1462 1101 1546 perlustramus,
1131 1479 1214 1543 quae
1235 1460 1390 1526 Aeolicae

75 1637 77 1645 Α
262 1561 393 1626 dialecti
408 1559 509 1625 solius
523 1561 654 1644 propria
668 1568 753 1642 sunt,
776 1566 976 1643 quaerentes,
998 1579 1075 1623 num
1091 1578 1130 1624 ea
1143 1558 1178 1622 in
1193 1557 1390 1624 Alcmauicis

131 1719 135 1725 .
260 1658 450 1741 fragmentis
472 1657 566 1724 nobie
588 1663 764 1723 occurrant.
809 1677 905 1741 epro
928 1680 966 1734 a,
996 1676 1095 1739 opro
1117 1679 1153 1733 n,
1184 1681 1203 1719 v
1226 1676 1284 1739 pro
1306 1679 1344 1733 α,
1377 1681 1391 1719 ι

140 1782 143 1789 ·
261 1777 319 1840 pro
334 1781 363 1834 v,
387 1775 470 1837 quae
492 1755 686 1821 mutationes
707 1755 741 1820 in
758 1753 950 1837 quibusdam
972 1753 1104 1819 vocibus
1126 1753 1276 1835 existunt,
1299 1753 1390 1836 apud

261 1858 406 1920 nostrum
428 1859 556 1935 poetam
579 1872 644 1917 non
666 1853 816 1935 leguntur
837 1858 870 1917 et
891 1871 962 1916 raro
978 1851 1108 1915 omnino
1130 1858 1260 1933 propter
1280 1851 1390 1934 pauci-

261 1957 361 2016 tatem
375 1949 624 2032 fragmentorum
640 1949 766 2014 occasio
781 1949 858 2014 data
869 1954 937 2013 erat
952 1947 1110 2030 ejusmodi
1121 1949 1253 2014 vocibus
1265 1948 1389 2014 utendi.

262 2071 281 2111 o
304 2047 340 2110 in
361 2072 381 2110 υ
402 2046 518 2110 mutati
539 2067 637 2110 unum
660 2046 843 2128 exemplum
872 2051 962 2110 extat
989 2041 1122 2126 ὅνυμα
1150 2045 1187 2110 fr.
1209 2049 1261 2122 27,
1291 2061 1390 2127 quarn

262 2143 396 2208 formam
411 2142 473 2207 viri
488 2141 574 2207 docti
589 2142 801 2210 Doriensibus
815 2162 941 2225 quoque
956 2142 1069 2208 merito
1084 2142 1271 2208 attribuunt.
1300 2144 1390 2209 Inter

262 2260 319 2306 cas
348 2240 575 2323 proprietates,
610 2239 725 2321 quibus
746 2240 937 2306 Asianorum
966 2238 1124 2306 dialectos
1145 2240 1285 2307 maxime
1310 2241 1389 2306 insi·

262 2336 380 2420 guitur,
403 2342 468 2419 est,
497 2335 583 2418 quod
605 2337 772 2420 antiquum
794 2361 858 2403 ανσ
880 2345 913 2404 et
934 2360 996 2403 ouo
1015 2337 1051 2402 in
1073 2360 1132 2402 αισ
1154 2345 1187 2403 et
1208 2359 1267 2402 oro
1287 2345 1389 2402 muta-

247 2442 345 2500 ¹runt.
390 2434 472 2499 Huic
501 2434 573 2500 usui
593 2442 776 2518 repugnant
805 2435 893 2517 apud
914 2436 1104 2500 Alamanem
1131 2432 1199 2510 τώς
1228 2429 1388 2518 ἀρίσταις,

263 2528 354 2615 ὥρας
369 2535 447 2607 (acc.
463 2531 568 2614 plna),
589 2537 698 2612 μῶσα,
714 2538 869 2622 capnios,
885 2528 1023 2597 εὕδουσι
1037 2531 1112 2614 alia,
1128 2530 1187 2597 sed
1201 2538 1390 2610 constanter

262 2627 451 2693 Lesbiacam
480 2628 708 2710 proprietatem
730 2629 887 2712 praebent
914 2629 1084 2713 participia
1111 2629 1207 2711 vulgo
1229 2630 1263 2693 in
1284 2652 1389 2694 -oooo

228 2761 231 2765 ·
263 2726 416 2791 exeuntia
437 2725 476 2790 cf.
492 2728 511 2804 ἓ
526 2729 555 2790 8.
587 2751 600 2790 ι
621 2727 704 2791 inter
726 2726 806 2793 duas
828 2728 958 2792 vocales
979 2727 1118 2810 positum
1133 2747 1154 2791 a
1168 2725 1294 2792 Lesbiis
1316 2744 1390 2791 esse

263 2829 425 2888 extrusum
446 2829 479 2888 et
500 2823 699 2904 grammatici
719 2821 835 2890 docent
856 2831 889 2888 et
909 2823 982 2889 libri
1004 2824 1229 2906 comprobant,
1253 2830 1286 2889 ct
1299 2823 1389 2906 apud

262 2919 452 2984 Alcmauem
481 2918 597 3000 legitur
618 2913 744 2984 ἆδεᾶι
766 2920 805 2983 fr.
824 2923 875 2999 37,
904 2921 963 2986 sed
984 2920 1037 2984 hie
1058 2941 1128 2988 mos
1148 2941 1190 2986 ne
1210 2941 1232 2986 a
1252 2918 1387 2984 Dorien-

262 3015 352 3080 sibus
374 3013 502 3096 quidem
526 3034 655 3096 prorsus
676 3015 802 3080 alienus
822 3015 921 3081 fuisse
941 3015 1076 3081 videtur.
1112 3023 1135 3100 β
1157 3039 1214 3101 pro
1237 3014 1256 3079 δ
1278 3015 1387 3080 Αθοὶὶ-1

262 3131 334 3176 cum
350 3117 481 3176 vocatur
493 3112 544 3174 ut.
556 3111 598 3175 M.
612 3115 683 3190 200,
698 3114 736 3175 27
752 3112 838 3197 βλῆρ
851 3110 1027 3190 Atalanten
1041 3111 1080 3177 τὸ
1098 3112 1235 3198 δέλεαρ·
1250 3111 1283 3178 oi
1294 3110 1388 3178 Ato-

262 3207 334 3283 λεῖς
355 3205 394 3270 τὸ
411 3206 430 3272 δ
447 3205 497 3284 εἰς
511 3212 533 3291 β
548 3213 729 3292 τρέπουσι·
752 3207 831 3285 τοὺς
853 3207 916 3292 γὰρ
934 3208 1096 3296 δελφῖνας
1116 3209 1282 3297 βελφῑνάς
1298 3233 1388 3296 φασι

264 3306 321 3370 καὶ
342 3303 420 3380 τοὺς
442 3305 601 3390 Δελφοὺς
623 3304 791 3390 Βελφούς.
825 3309 924 3372 Extat
944 3306 1032 3390 apud
1047 3308 1242 3392 Hesychium
1265 3309 1388 3393 βλῆρ*

264 3399 384 3484 δέλεαρ
407 3399 493 3484 παρ’
514 3400 720 3485 Ἀλκμαίωνι
742 3401 762 3488 ἦ
786 3400 886 3483 λέξις.
906 3405 1014 3486 -Sunt,
1038 3405 1092 3486 qui
1114 3410 1268 3471 censeant
1287 3402 1389 3470 Ἀλκ-

263 3503 387 3576 potone
415 3498 450 3563 in
479 3496 619 3586 Ἀλκαίῳ
647 3499 835 3564 mutandum
865 3520 951 3580 esse,
983 3520 1066 3585 qnae
1095 3502 1227 3566 nomina
1255 3504 1389 3587 saepius

264 3592 348 3659 inter
371 3613 406 3659 so
428 3604 609 3678 permutata
630 3602 713 3663 sunt.
752 3618 850 3680 ‹ppro
865 3600 893 3660 θ
907 3599 939 3661 in
962 3617 1041 3664 voce
1063 3593 1134 3682 φήρ
1150 3597 1317 3664 Aeolicum
1341 3599 1388 3664 di·

264 3689 345 3754 citur
366 3696 399 3756 et
421 3693 537 3776 legitur
558 3691 800 3780 ποικιλόφρον’
824 3695 859 3759 in
879 3693 1063 3777 Sapphonis
1086 3694 1198 3775 fragm.
1218 3699 1243 3758 1.
1288 3697 1388 3779 Apud

263 3793 406 3876 nostrum
435 3794 611 3876 φοίναις
639 3811 697 3874 pro
726 3795 865 3868 θοίναις
895 3791 932 3856 ir.
955 3794 1012 3872 24,
1045 3791 1104 3856 sed
1132 3797 1243 3878 θῆρες
1271 3793 1310 3858 fr.
1335 3798 1387 3876 60,

264 3883 383 3964 θηρῶν
405 3884 443 3949 fr.
466 3889 517 3949 20.
557 3887 728 3968 Singulare
750 3894 798 3952 est
819 3889 852 3952 in
876 3887 1062 3952 Lesbiorum
1085 3887 1223 3954 dialecto
1248 3889 1267 3968 ζ
1287 3891 1319 3954 in
1344 3891 1389 3958 nd

263 3980 437 4061 mutatum,
470 3981 555 4062 quod
583 3983 617 4047 in
645 3989 810 4066 poetarum
837 3984 929 4048 libris
958 3983 1036 4048 satis
1065 4003 1180 4066 saepe,
1210 3986 1268 4050 sed
1297 3987 1389 4054 baud
