3208 4928
530 471 573 525 De
591 470 727 525 Alcmanis
744 476 841 539 poetae
858 469 981 525 dialecto.
1263 465 1335 558 345

199 665 327 713 manem
344 645 493 710 Doricam
508 643 764 710 terminationem
780 644 899 711 ierunt:
922 664 995 728 gen.
1012 645 1093 726 sing.
1108 661 1205 710 masc.
1218 646 1273 706 No
1283 666 1331 726 ρ-,

202 736 304 810 otta
320 743 354 808 in
368 743 547 826 fragmento
560 746 597 806 21
615 742 764 808 Alcmani
775 763 795 807 a
807 743 947 826 Bergkio
962 742 1136 825 assignato.
1158 761 1231 826 gen.
1243 741 1325 832 pior.

182 837 331 927 ¹oiapciv
347 839 417 907 cod.
434 836 539 924 ἄκραν
555 839 591 906 ir.
605 843 661 923 253
684 840 889 921 petroccio
909 840 979 907 cod.
995 841 1274 922 pretermisso.
1291 845 1325 922 4;
1363 913 1365 920 ¹

201 936 331 1007 ἆὸεᾶν
354 944 497 1021 μωσᾶν
521 937 590 1005 cod.
607 933 725 1002 ἁδεῖαν
748 943 877 1019 μοῦσαν
893 938 930 1004 fr.
947 941 1002 1021 37;
1026 937 1204 1024 ῥαδινᾶν
1229 937 1327 1002 καλ-

200 1045 274 1120 χᾶν
296 1038 367 1106 cod.
391 1033 529 1121 ῥαδινὰν
552 1033 675 1115 καλχᾶν
697 1036 734 1101 fr.
758 1041 810 1102 39.
843 1037 974 1104 Doridis
996 1039 1102 1104 colore
1123 1056 1236 1102 carens
1259 1035 1327 1099 nul·

201 1141 267 1207 lum
284 1144 373 1205 extat
387 1136 579 1220 exemplum..
610 1134 738 1201 Deinde
757 1135 888 1202 nomina
910 1136 1016 1220 priore
1031 1141 1176 1220 tempore
1190 1134 1224 1198 in
1239 1155 1325 1197 -αων

203 1237 354 1305 exeuntia
382 1236 495 1302 eodem
523 1233 619 1300 modo
648 1234 888 1300 contrahuntur.
932 1233 1028 1318 Apud
1057 1240 1199 1300 nostrum
1225 1253 1327 1294 παι-

203 1341 281 1401 ᾶνα
303 1333 340 1398 fr.
364 1336 415 1414 24,
438 1351 521 1415 quae
542 1332 644 1396 forma
666 1351 687 1395 a
706 1331 846 1397 Doribus
868 1331 911 1396 ad
933 1331 1016 1398 alios
1037 1350 1164 1414 quoque
1186 1330 1327 1396 Graecos

203 1431 358 1513 manavit,
382 1449 400 1496 e
421 1427 582 1509 παιάονα,
606 1430 696 1512 epicc
719 1426 879 1521 παιήονα,
903 1438 982 1495 orta.
1023 1425 1203 1510 Ἀλκμάν
1225 1427 1262 1490 fr.
1281 1429 1327 1508 17
1375 1439 1377 1444 ·

203 1550 245 1597 ex
273 1524 445 1610 Ἀλκμάων
481 1533 694 1608 contractum,
730 1521 813 1611 quae
848 1527 950 1592 forma
978 1528 1094 1611 legitur
1121 1527 1158 1591 ir.
1184 1530 1234 1589 71.
1286 1523 1329 1606 At

203 1650 268 1695 non
290 1626 410 1709 ubique
433 1648 474 1689 αο
495 1625 530 1690 in
553 1649 574 1688 α
597 1625 716 1692 coaluit
745 1625 832 1708 apud
863 1626 983 1708 Dorcs3
1012 1643 1213 1709 nequaquam
1244 1622 1329 1688 enim

202 1727 237 1791 in
252 1723 479 1808 conjugatione
494 1742 576 1805 quae
592 1723 706 1788 dicitur
724 1729 887 1789 contracta
909 1724 989 1790 haec
1011 1724 1092 1788 ratio
1116 1724 1185 1789 sola
1207 1726 1329 1802 regnat,

203 1823 262 1890 sed
291 1828 395 1888 certos
425 1823 581 1904 quosdam
611 1819 690 1888 fines
722 1821 916 1887 constituere
949 1829 1078 1905 propter
1111 1819 1330 1903 exemplorum
1358 1868 1366 1880 ,

203 1920 382 2006 penuriam·
405 1938 470 1984 non
503 1939 683 2004 possumus.
715 1918 823 1994 ¹Certe
852 1917 990 1985 Doricae
1022 1918 1159 1985 dialecto
1191 1939 1257 1983 non
1284 1936 1331 1998 re3

203 2023 364 2103 pugnant:
402 2009 483 2100 ὁρῶ
512 2037 588 2101 pap.
611 2019 640 2080 2.
665 2021 700 2096 63
731 2022 834 2101 νικῷ
863 2013 999 2095 (trador)
1029 2015 1065 2081 fr.
1091 2019 1141 2081 89.
1185 2016 1265 2081 Item
1295 2014 1329 2079 in

204 2117 286 2182 crasi
309 2116 412 2180 Dones
439 2135 460 2180 a
488 2115 646 2180 communi
674 2115 799 2180 ratione
827 2135 891 2178 non
920 2114 1085 2180 discedere
1100 2113 1235 2180 ·Ahrens
1261 2119 1331 2195 pro·

205 2214 303 2280 bavit.
348 2214 447 2277 Extat
469 2233 566 2277 unum
590 2214 773 2295 exemplum
801 2211 889 2295 apud
911 2213 1100 2279 Aicmauem
1127 2206 1330 2293 χῶπάραν

205 2310 227 2374 i.
250 2329 277 2375 e.
302 2309 358 2373 καὶ
382 2305 521 2391 ὀπώραν
551 2307 644 2374 codd.
666 2331 713 2392 χῳ
737 2331 807 2396 παρ
831 2331 881 2386 αν,
907 2333 954 2388 χω
978 2333 1090 2396 παραν
1120 2309 1242 2392 (Bergk
1265 2299 1330 2372 κώ-

206 2403 337 2492 πώραν)
365 2404 404 2469 ir.
428 2409 477 2470 76.
522 2404 612 2483 Quae
640 2403 784 2470 codicum
812 2405 989 2488 scripturae
1019 2426 1077 2471 nos
1103 2426 1141 2472 eo
1171 2405 1332 2470 adducere

206 2508 350 2590 possunt,
373 2508 409 2566 ut
421 2501 520 2567 aliam
536 2492 739 2567 Doricae‘vel
755 2502 935 2568 Laconicae
950 2502 1080 2588 dialecti
1102 2503 1331 2587 proprietatem

206 2617 428 2684 agnoscamus,
453 2617 535 2680 quae
556 2598 688 2665 aliunde
710 2620 774 2665 non
797 2598 999 2670 confirmatur
1014 2601 1171 2685 exemplis
1192 2635 1235 2645 -
1256 2619 1331 2664 uam

208 2698 338 2765 diversa
367 2703 416 2763 est
443 2696 524 2762 ratic
552 2697 797 2779 vocabulorum,
826 2717 908 2779 quae
931 2698 1057 2764 Ahrens
1086 2698 1117 2764 d.
1144 2697 1175 2764 d.
1207 2699 1245 2762 D.
1272 2700 1330 2762 182

208 2800 436 2862 enumerat-
458 2812 565 2858 rarum
587 2794 709 2859 vocalis
731 2818 752 2857 α
775 2813 866 2860 usum
890 2796 960 2860 loco
982 2797 1125 2878 vulgaris
1148 2820 1184 2872 ω,
1214 2795 1268 2861 ubi
1291 2813 1332 2860 cx

208 2917 249 2958 αο
272 2894 324 2958 vel
348 2915 397 2955 αω
421 2913 486 2958 non
510 2897 579 2957 orta
601 2899 662 2958 est:
686 2888 819 2977 ὀπάραν
841 2895 899 2976 pro
923 2891 1072 2975 ὀπώραν.
1111 2892 1259 2960 Ceterum
1281 2911 1332 2958 res

128 3024 133 3031 ’
208 2981 305 3059 valde
328 2990 425 3056 dubia
448 2997 496 3056 est
525 2997 557 3056 et
585 2991 702 3073 legitur
725 2991 867 3074 vulgaris
890 2991 991 3055 forma
1020 2986 1191 3076 ὀπώραν
1220 2993 1256 3058 ir.
1283 2996 1332 3055 15.

208 3090 358 3156 Fortasse
387 3088 504 3170 aliquis
530 3084 692 3175 χᾶπώραν
728 3088 933 3154 scribendum
961 3108 1032 3156 esse
1058 3090 1224 3174 conjiciat,
1261 3109 1332 3154 cum

209 3206 279 3252 eam
302 3187 435 3251 formam
451 3186 697 3270 hyperdoricam
709 3205 781 3254 esse
802 3207 859 3270 pro
874 3195 960 3253 certo
976 3187 1126 3255 affirmari
1142 3208 1206 3253 non
1223 3187 1332 3270 possit.

209 3285 290 3348 Item
306 3282 424 3348 codicis
442 3280 611 3349 lectionem
627 3281 874 3368 πολύφανος
889 3286 925 3352 fr.
943 3290 983 3350 34
999 3294 1073 3352 suut
1088 3286 1141 3368 qui
1158 3285 1333 3367 (Welcker,

212 3381 373 3462 Brugman
396 3378 485 3444 Stud.
510 3380 553 3444 IV
579 3384 650 3459 157)
674 3381 824 3447 Doricam
852 3383 940 3448 vocis
968 3380 1171 3469 πολύφωνος
1198 3382 1332 3446 formam

210 3484 332 3561 putent,
356 3496 427 3542 cum
443 3477 552 3559 Bergk
575 3478 651 3543 oiim
666 3480 700 3543 in
723 3475 943 3565 πολύφωνος,
966 3500 1051 3546 nunc
1072 3480 1106 3545 in
1129 3475 1332 3570 πολύφορος

210 3593 282 3641 cam
304 3573 442 3640 mutarit.

493 3747 566 3828 §i
610 3746 667 3812 De
689 3748 903 3824 vocalibus
926 3772 941 3813 ε
965 3772 985 3833 η
1010 3771 1051 3814 ει.

295 3861 493 3930 Paucissima
508 3865 656 3944 novimus
671 3865 837 3949 vocabula,
853 3867 1015 3950 inquibus
1031 3890 1046 3932 e
1062 3865 1149 3951 apud
1161 3864 1333 3931 Dorienses

211 3961 266 4027 alii
289 3960 379 4029 brevi
401 3961 506 4026 vocali
529 3963 702 4045 respondet
724 3966 900 4031 communis
926 3966 1065 4049 linguae.

298 4083 313 4124 a
337 4079 395 4142 pro
418 4082 439 4122 α
462 4079 527 4125 non
549 4062 687 4144 ponitur,
717 4063 779 4129 nisi
808 4063 893 4146 quod
921 4064 1078 4130 nonnulla
1106 4062 1206 4131 verba
1227 4059 1260 4125 in
1284 4081 1335 4122 αω
