3208 4928
272 413 334 476 312
768 415 902 472 Schrader

230 645 232 648 .
270 594 335 670 est,
365 594 401 654 ut
430 587 527 655 etiam
549 587 652 670 tituli,
680 605 873 670 quamquam
902 587 1030 670 puriore
1044 587 1191 654 'dialecto
1214 587 1260 653 uti
1282 589 1403 667 solent,

269 686 427 753 nonnulla
455 687 523 754 eius
550 685 678 770 generis
704 684 915 769 praebeant.“
967 685 1035 751 Nos
1060 685 1095 751 in
1124 684 1260 767 singulis
1288 684 1404 752 formis

271 783 448 851 tractandis
470 783 602 849 nimiam
624 801 696 848 esse
710 781 850 876 Ahrenqi
872 781 906 847 in
924 780 975 848 his
989 783 1193 849 severitatem
1208 781 1402 848 ridebimus.

356 881 426 947 Hoc
442 880 483 946 de
504 880 606 947 titulis
621 878 812 945 monuimus.
842 879 954 962 Longe
969 879 1066 946 etiam
1080 881 1203 946 maiore
1223 879 1403 946 inlibris

268 987 415 1047 velerum
442 977 504 1043 hac
531 977 565 1042 in
587 996 623 1043 re
645 975 680 1040 in
704 975 856 1042 iudicium
878 975 1033 1043 vocandis
1060 978 1208 1044 cautione
1230 997 1311 1060 opus
1332 985 1401 1062 est3

270 1096 346 1142 nam
369 1082 404 1140 nt
425 1083 559 1155 taceam,
583 1092 678 1157 quam
700 1073 795 1139 facile
816 1072 947 1138 atticum
969 1098 989 1160 η
1013 1094 1072 1140 usu
1087 1074 1284 1141 tritissimum
1302 1075 1403 1140 libra·

270 1165 389 1239 riorum
421 1178 477 1238 aut
510 1170 678 1237 inscientia
710 1177 766 1236 aut
798 1171 1005 1254 neglegentia
1033 1172 1067 1236 in
1101 1172 1227 1238 codices
1256 1171 1401 1256 irrepere

270 1269 425 1355 potuerit,
461 1276 495 1334 ut
528 1268 671 1335 omittam
705 1267 792 1350 ipsos
824 1267 1009 1334 recentioris
1041 1269 1194 1352 temporis
1227 1270 1400 1354 scriptores
1473 1291 1477 1298 ·

271 1367 341 1434 sire
363 1366 507 1433 consulto
530 1366 598 1432 sive
619 1363 789 1431 inscientia
810 1364 1024 1451 hyperdorica
1046 1385 1144 1453 saepe
1166 1365 1312 1450 finxisse,
1336 1367 1399 1434 hoc

175 1493 177 1502 s
269 1464 348 1531 mihi
369 1484 435 1529 nou
457 1461 724 1547 praetereundum
747 1469 813 1546 est,
841 1462 996 1546 plurimos
1018 1470 1184 1547 poetarum
1214 1465 1397 1549 lyricorum,

162 1556 165 1562 ’
269 1561 323 1645 qui
346 1561 493 1628 dialectis
520 1558 743 1627 aeolo-doricis
769 1559 819 1625 usi
848 1559 948 1627 libros
972 1567 1201 1644 componerent
1208 1574 1229 1643 ‚·
1246 1563 1399 1646 quemad-

268 1658 399 1725 modum
422 1659 529 1743 poesis
550 1657 653 1743 lyrica
666 1656 819 1722 universa
840 1675 883 1723 ex
898 1657 989 1740 epica
1004 1663 1083 1723 nata
1104 1665 1163 1741 est,
1186 1660 1232 1725 ita
1254 1661 1397 1726 nativam

269 1776 395 1840 quoque
417 1755 588 1822 dialectum
605 1752 704 1838 epicis
719 1753 839 1836 formis,
862 1756 1036 1838 vocabulis,
1059 1754 1168 1839 liguris
1189 1761 1396 1841 temperasse.

269 1854 365 1920 Valet
393 1853 490 1936 igitur
518 1852 559 1918 de
587 1850 763 1932 Corinnae,
799 1852 977 1935 Ammonis,
1013 1853 1158 1935 Pindari,
1194 1855 1313 1938 quippe
1341 1855 1397 1937 qui

267 1952 408 2017 maxime
435 1950 488 2014 hic
515 1947 704 2014 nominandi
732 1954 806 2014 sunt
835 1949 886 2028 (ci.
910 1950 1037 2017 Ahrens
1061 1951 1234 2018 Vcrhandl.
1258 1952 1289 2018 d.
1312 1953 1396 2018 Phil.

265 2047 462 2113 scutram
489 2065 520 2127 p.
544 2047 595 2124 66,
624 2046 675 2125 68,
704 2048 774 2126 il),
805 2047 980 2112 carminum
1002 2067 1151 2115 sermone
1177 2049 1280 2131 idem,
1309 2049 1396 2132 quod

269 2142 310 2209 tle
332 2163 396 2208 uno
419 2141 559 2206 Pindaro
581 2148 690 2206 monet
712 2142 851 2210 Ioannes
872 2145 1099 2226 grammaticus
1129 2145 1180 2220 (ci.
1204 2145 1299 2230 Greg.
1323 2145 1393 2212 (lor.

267 2261 299 2325 p.
324 2243 416 2316 sisi:
464 2233 484 2327 ἦ
518 2242 634 2320 μέντοι
662 2236 836 2324 Πινδάρου
867 2243 980 2326 Δωρὶς
1012 2242 1186 2319 παντελῶς
1222 2237 1394 2328 ἀγνοεῖται
1456 2267 1458 2272 ·

266 2338 286 2404 ι.
311 2356 338 2404 e
369 2337 497 2404 illorum
526 2334 716 2402 dialectit
684 2343 716 2402 et
737 2357 894 2421 nusquam
917 2345 949 2406 et
970 2359 1133 2423 nunquam
1156 2341 1190 2405 in
1212 2341 1318 2424 plebis
1339 2362 1394 2408 ore

265 2433 450 2501 floruerunt.
482 2435 691 2517 summopere
706 2433 803 2517 igitur
817 2435 901 2502 hac
893 2457 926 2502 ru
943 2435 1160 2520 disputatione
1171 2439 1264 2504 nobis
1279 2459 1395 2506 caven·
1476 2455 1480 2460 ·

267 2529 343 2598 dum
366 2538 424 2614 est,
447 2530 596 2614 nequod
619 2537 667 2597 est
682 2531 813 2599 Homeri
836 2534 1009 2617 spinaeque
1030 2553 1164 2617 poeseos
1187 2535 1265 2619 ipsis
1287 2537 1393 2603 aeolo-

266 2627 383 2694 doricis
404 2627 582 2694 tribuamus
603 2627 759 2695 dialectis
828 2671 832 2678 -

351 2725 448 2792 Velut
477 2726 563 2846 quod
595 2726 748 2809 legitur
739 2747 774 2792 ιιι
802 2727 1014 2795 Alcmanis
1047 2728 1225 2812 fragmento
1254 2734 1295 2794 26
1323 2730 1392 2796 B.:³
1468 2765 1471 2771 ·

266 2809 446 2908 νηλεγὲςῖ
425 2846 507 2909 ηιορ
531 2821 615 2904 ’έχων
645 2823 768 2901 (Pindz
806 2811 901 2911 ἦτορ)
931 2826 1005 2892 aliis
1026 2828 1224 2911 argumentis
1245 2826 1394 2894 deficien-

265 2919 350 2985 tibus
373 2919 443 3002 quis
465 2926 514 2985 est
537 2921 590 3002 qui
611 2919 688 2987 inde
710 2922 875 3004 collegerit
893 2914 1111 2992 Dorienses
1091 2949 1171 3011 ητορ
1194 2945 1260 2990 non
1282 2912 1391 3011 *circe

264 3013 501 3130 pronuntiasse,
518 3035 546 3080 ιι
536 3015 688 3098 quidem
704 3018 885 3084 meminerit
897 3019 1129 3088 homericorum
1144 3018 1235 3104 disq
1236 3047 1286 3088 ιον
1222 3012 1390 3110 privos,

266 3097 411 3198 φίλον
390 3134 472 3197 ητορ
489 3110 573 3177 etc?
608 3111 705 3196 Apud
726 3113 945 3181 Pindarum
968 3117 1156 3199 quidemO.
1179 3119 1268 3185 xio
1291 3117 1390 3206 θήγω

264 3206 431 3292 reperitur,
454 3195 561 3293 θάγω,
584 3209 669 3292 quod
682 3219 864 3295 exspectas,
882 3213 1000 3299 Lysist.
1020 3219 1097 3282 1121
1116 3223 1231 3283 exstat.
1264 3217 1391 3284 Deinde

264 3304 306 3372 de
329 3304 429 3390 κῆλον
451 3305 507 3371 illo
530 3306 662 3373 Pindari
685 3314 769 3388 (sert.
787 3309 913 3394 puly'am)
936 3312 971 3378 P.
988 3312 1070 3394 112,
1094 3311 1282 3400 φόρμιγγος
1304 3315 1389 3401 κῆλα

267 3403 324 3469 καὶ
348 3400 517 3484 δαιμόνων
539 3404 659 3489 θέλγει
681 3411 827 3492 φρένας,
849 3409 920 3490 quis
941 3410 1157 3494 suspicionem
1178 3413 1391 3496 suppresserit
1452 3455 1461 3465 -

263 3507 392 3586 poetam
414 3506 514 3567 totam
537 3520 649 3567 vocem
672 3521 714 3568 ex
736 3505 828 3586 epica
850 3523 941 3588 poesi
932 3505 1061 3584 (Hom.
1078 3508 1172 3596 κῆλα
1179 3514 1289 3575 θεοῖο.
1313 3509 1389 3576 Hcs

264 3597 350 3684 κῆλα
371 3595 470 3675 Διός)
497 3599 682 3682 recepisse?
723 3599 845 3687 Μῆδοι
866 3603 1005 3686 denique
1033 3605 1179 3670 vocalem
1202 3631 1222 3692 η
1246 3612 1279 3672 et
1302 3607 1389 3691 apud

262 3694 356 3760 Plnd.
390 3701 422 3762 et
453 3694 542 3779 apud
574 3697 712 3763 Timcor.
742 3699 889 3783 exhibet3
925 3708 1036 3767 contra
1068 3701 1198 3785 cyprios
1234 3702 1389 3772 disiectus

263 3809 374 3858 veram
396 3792 531 3859 formam
552 3793 673 3860 Mesoa
694 3795 743 3860 Id.
767 3799 785 3860 3
808 3797 951 3880 praebet.

349 3888 463 3955 Paullo
495 3890 631 3957 certiora
659 3892 803 3958 Alcaei
836 3900 868 3960 et
900 3894 1089 3978 Sapphus
1120 3896 1301 3978 fragmenta
1333 3916 1387 3963 ex·

261 3985 397 4069 hibent;
420 4004 502 4069 pura
530 3987 616 4054 enim
644 4007 748 4072 neque
777 3991 912 4057 aliarum
940 3991 1147 4059 dialectomm
1176 3993 1286 4061 formis
1307 4000 1387 4062 tem·
