3226 4948
280 479 323 534 De
340 476 452 533 ablativi
461 453 497 530 'iu
514 475 648 530 veteribus
667 472 765 542 linguis
781 471 879 528 italicis
897 471 986 527 forma
1003 473 1030 524 et
1048 487 1100 526 usu
1117 469 1206 525 locali.
1249 466 1310 529 397

316 671 407 716 suam
422 669 490 716 rem
505 649 589 714 bene
604 664 732 730 gessere
745 652 778 712 et
792 646 954 730 publicam
965 645 1071 730 patria
1085 646 1205 729 prooul.
1229 647 1312 715 Enn.

187 757 227 817 tr.
243 753 306 816 220
328 747 456 826 (Ribbt
780 751 782 754 ’
1030 751 1032 755 ‘

274 846 396 926 Quibus
429 843 586 926 exemplis
614 847 749 925 apparet
777 841 1024 925 improbandum
1047 860 1118 907 esse
1144 839 1194 924 id,
1229 842 1314 926 quod

189 948 371 1029 Draegerus
393 948 478 1028 (pag.
502 945 576 1019 455)
599 939 789 1024 disputavit,
817 940 898 1006 haee
919 939 1073 1008 adverbia
1095 959 1222 1024 semper
1243 960 1314 1007 eum

190 1042 430 1129 praepositione
451 1039 554 1122 (loape
577 1061 604 1110 a,
624 1039 741 1122 procel
761 1041 792 1114 a)
815 1038 997 1122 coniungi.-

267 1160 296 1239 b)
318 1181 339 1226 e
361 1179 412 1225 me
434 1161 560 1242 eulpam
584 1177 656 1224 esse
678 1158 798 1240 proeul.
833 1159 906 1222 Ter.
931 1156 992 1222 Ad.
1016 1160 1087 1222 348.

318 1259 414 1340 longe
436 1257 477 1320 ab
501 1255 636 1322 aedibus
658 1254 769 1336 fugiat.
801 1255 905 1319 Plaut.
929 1255 1020 1321 Most.
1046 1257 1118 1322 390.

316 1355 366 1421 ius
394 1361 490 1436 atque
520 1373 631 1419 aeoum
660 1373 695 1419 se
722 1352 859 1418 amalis
887 1353 1009 1436 spernit
1037 1353 1158 1436 procul.
1192 1353 1315 1419 Ennius

189 1459 227 1518 tr.
250 1457 312 1517 224
335 1452 463 1530 (niba).
582 1499 585 1506 .

198 1583 202 1590 ·
275 1551 345 1615 Hue
368 1547 516 1613 ducenda
538 1554 624 1613 sunt:

318 1647 406 1712 haud
428 1647 470 1711 ab
493 1665 527 1712 re
549 1645 607 1710 tibi
630 1645 781 1711 convenit
803 1646 905 1711 labos.
940 1646 1033 1710 Truo.
1056 1645 1098 1727 ΙΙ,
1123 1649 1152 1726 6,
1175 1649 1225 1726 40,
1249 1643 1269 1708 i.
1287 1663 1314 1710 e.

190 1745 387 1809 nondumne
410 1754 462 1806 tuo
485 1745 554 1810 sive
575 1764 637 1806 noo
661 1742 747 1806 abest
769 1765 788 1806 a
810 1753 863 1806 tuo
881 1742 1007 1826 structu.

317 1843 358 1907 ab
381 1863 416 1908 re
438 1841 585 1906 consulit.
619 1842 707 1906 Trin.
731 1845 802 1924 238,
833 1861 894 1924 quo
917 1841 987 1906 loeo
1010 1839 1138 1906 Brixius
1160 1838 1316 1907 eiusmodi

159 1940 505 2024 *mmmmm

275 2058 475 2125 Contrarium
499 2057 632 2124 effieitur
655 2057 895 2142 praepositione
917 2079 976 2122 ex:
1070 2082 1074 2090 “

319 2198 359 2242 ex
381 2185 437 2242 tua
459 2197 494 2242 re
517 2185 574 2242 est.
608 2159 724 2243 Pseud.
748 2180 819 2257 336,
842 2177 862 2239 i.
887 2196 913 2242 e.
937 2175 1087 2239 tibiurensi
1106 2185 1161 2240 est.

277 2295 314 2357 ab
338 2293 495 2375 signifieat
517 2295 641 2376 aliquid
664 2297 862 2379 abessepem
883 2295 1006 2377 aliquid
1029 2293 1129 2377 quasi
1143 2316 1183 2361 ex
1205 2295 1316 2363 intimo

190 2391 328 2477 prodire.
366 2389 566 2473 Quamquam
589 2397 695 2455 autem
719 2391 756 2453 ab
780 2399 811 2456 et
833 2413 877 2453 ese
899 2413 964 2456 non
986 2393 1231 2494 sempersplane
1254 2393 1318 2461 dis·
1344 2453 1352 2469 ,

191 2497 370 2568 cernuntur,
398 2497 505 2552 tamen
528 2509 572 2549 em
593 2488 723 2570 gravius
746 2495 804 2554 est.

317 2606 373 2671 IV.
419 2606 525 2671 Verba
548 2606 690 2690 petendi,
713 2606 836 2687 orandi,
862 2607 1082 2691 impetrandi„

278 2713 308 2780 o)
333 2703 417 2768 Fieri
432 2711 538 2796 potest
550 2709 584 2769 ut
596 2705 727 2768 verbum
741 2715 850 2788 petere
864 2707 1102 2790 praepositione
1113 2705 1231 2776 omissa
1245 2727 1317 2773 eum

191 2802 334 2868 ablativo
357 2801 583 2884 ooninngatur;
606 2801 823 2868 Mostellariae
838 2804 923 2868 enim
938 2803 1067 2869 fabulae
1080 2823 1192 2870 versus
1208 2807 1280 2887 762,
1298 2810 1316 2872 3

191 2898 224 2965 in
241 2899 402 2966 codicibus
419 2897 471 2962 ΒΟ
488 2899 627 2982 corrupti
642 2906 725 2981 sunt,
747 2901 781 2965 in
797 2900 906 2967 codiee
921 2901 949 2965 A
964 2901 1010 2967 sio
1025 2901 1136 2985 scripti
1151 2903 1317 2985 leguntur:

319 3020 395 3084 bine
417 3021 600 3101 exemplum
623 3038 739 3103 sapere
761 3020 829 3084 volt

320 3138 394 3181 nam
417 3117 475 3182 ille
497 3136 535 3182 eo
558 3120 678 3182 malum
700 3115 775 3182 hine
798 3137 893 3200 opere
916 3121 1099 3203 exemplum
1121 3121 1211 3204 petit,

192 3235 247 3297 ubi
270 3233 462 3300 Ritsehelius
491 3236 623 3300 verbum
652 3257 688 3298 eo
717 3237 751 3301 in
778 3257 821 3298 em
847 3239 982 3303 mutavit
1008 3246 1105 3322 atque
1133 3259 1245 3306 versus
1272 3239 1318 3306 sie

192 3331 342 3396 restituit:

320 3449 415 3514 Nune
436 3449 511 3516 hine
533 3454 716 3536 exemplum
738 3473 855 3536 eapere
876 3457 944 3520 volt
965 3453 1027 3519 nisi
1049 3461 1084 3518 tu
1106 3455 1207 3521 nevis.
1319 3454 1322 3462 ’

321 3547 373 3614 Ne
394 3548 450 3613 ille
465 3568 505 3613 ex
523 3552 609 3614 melo
631 3543 751 3615 malum
774 3551 849 3616 bino
869 3572 966 3636 opere
981 3551 1164 3637 exemplum
1186 3553 1276 3636 petit.

279 3665 434 3732 Similiter
461 3670 502 3733 ab
533 3670 761 3752 interpretibus
790 3669 823 3735 in
852 3670 925 3737 aliis
952 3671 1032 3737 loeis
1065 3672 1319 3757 praepositiones

194 3762 357 3847 eodieibus
379 3767 633 3848 repugnantibus
654 3767 787 3834 additae
808 3776 897 3854 sunt3
920 3768 954 3833 in
971 3769 1044 3834 Aul.
1061 3769 1116 3851 IV,
1134 3775 1162 3852 7,
1180 3774 1199 3835 6
1222 3790 1318 3838 versu

151 3937 157 3946 ι
194 3860 321 3927 eodiees
336 3861 421 3926 hano
442 3865 614 3931 lectionem
636 3867 809 3948 praebent:
832 3869 912 3931 istuc
927 3864 1049 3950 confido
1062 3866 1178 3950 fratre
1192 3889 1240 3931 me
1261 3871 1319 3932 im-

191 3969 381 4041 petrauere.
426 3960 569 4028 Holtzius
592 3963 736 4046 quidem:
771 3973 877 4042 „reete
900 3965 1055 4046 editores,
1077 3965 1197 4049 inquit,
1220 3967 1318 4035 etiam

195 4055 440 4141 Kampmannus
461 4059 516 4138 (de
538 4080 648 4146 praep.
673 4061 710 4124 ab
732 4083 807 4146 pag.
826 4067 877 4142 12)
899 4070 975 4130 ante
987 4063 1103 4147 fratre
1124 4063 1319 4132 addiderunt
1446 4099 1450 4106 ·
