3226 4948
291 462 353 523 364
806 465 898 533 Spiess

290 640 381 707 baec
401 640 596 725 proprietas,
626 639 653 704 si
677 636 696 701 d
719 646 750 704 et
774 636 815 702 dd
838 661 878 706 ex
905 642 976 722 ipso
999 636 1037 723 ὃ]
1056 646 1127 704 orta
1148 650 1272 721 essent,
1301 641 1416 707 eodem

290 737 386 804 modo
409 760 471 822 quo
494 742 628 815 κιὲνιω,
651 732 797 818 ἅλλομαι
818 758 859 804 ex
874 738 1106 820 antiquioribus
1124 735 1234 803 fo'rmis
1256 735 1414 823 *ursvjrq

290 832 466 919 *dljopou
500 837 566 902 Sed
588 836 793 902 verisimilius
815 844 866 902 cst
887 844 918 901 et
939 836 1018 900 mihi
1041 843 1162 901 eertum
1184 855 1256 902 esse
1277 837 1415 920 videtur,

292 931 334 997 dd
356 940 389 998 et
411 932 430 997 d
454 954 494 998 ex
517 934 536 1013 ζ
556 936 577 998 i.
600 955 628 999 e.
652 932 693 998 δα
715 934 800 999 lacta
821 954 908 1016 esse,
940 942 974 999 ut
994 933 1132 1016 μέλιττα
1155 934 1352 1016 etpotamo
1375 955 1416 1001 ex

290 1029 468 1112 *μελιταα
491 1053 586 1115 quam
602 1033 795 1098 sententiam
811 1032 936 1099 Curtius
955 1031 1107 1116 praetulit
1121 1032 1321 1098 ornasset.
1351 1035 1416 1098 Ita·

291 1149 353 1212 que
381 1149 424 1194 cx
454 1139 568 1195 natura
595 1129 690 1214 hujus
718 1129 906 1196 mutationis
935 1131 1015 1196 nibil
1043 1131 1085 1198 de
1110 1139 1218 1199 aetate
1243 1132 1313 1216 ejus
1340 1152 1417 1197 con·

290 1227 375 1292 cludi
405 1235 519 1311 potest.
563 1230 601 1293 In
634 1227 753 1294 tabulis
782 1228 1050 1295 Heracleensibus
1080 1250 1120 1296 ca
1148 1251 1214 1295 non
1245 1232 1413 1314 reperitur.

290 1329 403 1410 Itaque
425 1348 490 1391 non
513 1333 570 1408 est,
594 1346 650 1391 cur
665 1325 684 1405 ζ
696 1326 729 1390 in
748 1323 929 1409 Τραζάιιαι
951 1334 984 1393 et
1006 1324 1072 1413 ζώη
1096 1327 1194 1392 simili
1214 1327 1339 1393 ratione
1361 1347 1415 1393 cn-

291 1425 447 1510 plicemus
475 1433 571 1508 atque
598 1429 642 1507 θ,
671 1423 776 1507 potius
805 1423 893 1488 illam
925 1425 1135 1492 mutationem
1163 1426 1206 1490 ab
1235 1425 1416 1507 antiquiore

290 1522 450 1588 Laconica
465 1522 602 1587 dialecto
618 1521 757 1586 alienam
772 1519 966 1604 judicamus
997 1523 1110 1605 Neque
1124 1522 1211 1607 apud
1226 1523 1415 1590 Alcmanem

290 1621 391 1684 ullum
414 1620 485 1704 ejus
506 1619 676 1702 vestigium
700 1626 763 1698 est,
792 1640 868 1684 narn
890 1619 976 1704 quod
997 1620 1034 1686 fr.
1058 1625 1098 1706 33
1124 1622 1199 1686 libri
1220 1617 1416 1702 κιθαρίὸιιι

291 1724 324 1784 et
338 1739 421 1783 unus
436 1717 538 1784 codex
554 1715 778 1800 κιθθαρίδειν
793 1717 941 1801 praebet,
965 1737 1006 1784 ex
1020 1738 1060 1783 eo
1074 1740 1139 1783 non
1155 1739 1236 1802 opus
1250 1724 1300 1783 est
1313 1718 1417 1781 κιθα-

292 1814 422 1900 ρίδδιιν
451 1816 673 1900 conjiciamus,
703 1834 773 1880 cum
802 1836 868 1880 non
897 1817 998 1881 multo
1027 1809 1154 1899 longius
1175 1815 1260 1882 absit
1287 1818 1417 1878 κιθα-

292 1905 473 1998 ρίσδειν,
514 1934 597 1997 quae
633 1911 817 1996 conjectura
848 1914 1001 1996 analogia
1032 1922 1208 1980 ceterarum
1244 1913 1414 1978 formarum

292 2011 542 2078 commendatur.
587 2011 672 2075 Nam
700 2029 799 2093 saepe
827 2010 914 2092 apnd
942 2030 1014 2075 cum
1044 2010 1086 2075 cd
1115 2031 1173 2095 pro
1197 2010 1216 2090 ζ
1239 2011 1273 2076 in
1301 2010 1416 2076 mediis

292 2108 458 2174 vocabulis
480 2107 574 2172 nobis
596 2107 746 2187 occurrit,
770 2126 853 2188 quae
875 2113 923 2172 est
945 2107 1103 2173 Lesbiaca
1125 2109 1320 2194 proprietas:
1342 2131 1415 2190 με·

292 2204 548 2285 λισδομέιαι
575 2203 612 2270 fr.
635 2206 692 2285 98,
723 2199 897 2286 ἀγίαδεο
926 2204 963 2270 fr.
991 2206 1048 2269 123
1078 2227 1136 2290 pro
1159 2202 1249 2286 ἅζεο,
1277 2225 1412 2290 quocum

292 2302 437 2369 conferas
460 2295 627 2385 αὐγάσδεο
655 2300 689 2364 in
717 2301 880 2366 cantilena
901 2303 1073 2386 Laconica3
1103 2303 1280 2370 παίαδει
1302 2305 1339 2369 fr.
1363 2307 1415 2385 38,

293 2398 479 2466 ὄσδοντα
501 2400 538 2465 fr.
565 2404 634 2478 117,
658 2395 899 2481 τράπεσδαι
920 2400 958 2464 fr.
983 2405 1032 2483 74,
1055 2398 1226 2482 μα’σδωι
1248 2401 1285 2466 fr.
1303 2405 1353 2468 84.
1371 2426 1415 2447 ·-
1523 2397 1525 2401 ’

293 2499 412 2566 Contra
435 2497 453 2576 ζ
473 2497 629 2583 reperitur
651 2497 683 2560 in
707 2495 771 2561 his:
795 2493 943 2576 ἐπίαζε
966 2497 1003 2562 fr.
1027 2504 1078 2578 44,
1105 2519 1198 2580 quem
1221 2498 1416 2564 admodum

289 2601 358 2684 jam
374 2597 576 2663 Herodianus
591 2596 676 2660 banc
691 2613 801 2659 vocem
817 2595 956 2676 legebat.
995 2592 1152 2677 ἅζομαι
1166 2597 1205 2662 fr.
1222 2600 1272 2677 54,
1288 2597 1315 2662 si
1330 2595 1413 2661 illud

292 2697 459 2764 frustulum
476 2694 588 2760 merito
604 2692 750 2758 Alcmani
765 2691 921 2757 tribuitur.
944 2729 985 2738 -
1008 2694 1045 2757 In
1068 2694 1172 2760 fronte
1186 2695 1416 2760 vocabulorum

295 2815 379 2862 nunc
401 2793 518 2877 ubique
541 2791 559 2871 ζ
580 2790 711 2874 legitur:
744 2787 915 2869 ζατεύει
937 2791 973 2855 fr.
997 2794 1048 2870 33,
1071 2795 1153 2855 Ζεῦ
1174 2791 1211 2855 fr.
1236 2794 1286 2855 29.

646 3035 665 3112 ξ
690 3035 738 3094 15.
784 3029 839 3092 De
862 3026 1068 3108 digammo.

380 3181 525 3245 Lacones
547 3187 674 3263 praeter
696 3188 817 3258 ceteros
833 3178 973 3244 Graecos
991 3171 1144 3255 digammi
1165 3177 1297 3236 tenaces
1317 3169 1417 3236 luisse

294 3277 436 3342 omnium
459 3276 679 3344 videturesse
701 3278 823 3362 opinio,
853 3291 935 3358 qnae
958 3271 1009 3336 bis
1029 3269 1134 3335 causis
1156 3267 1281 3334 nititur:
1314 3269 1347 3333 in
1369 3269 1416 3332 in-

294 3375 519 3460 scriptionibus
533 3377 689 3460 reperitur
703 3399 733 3453 r,
756 3375 936 3468 ubicunque
951 3371 1172 3452 exspectatur:
1194 3370 1316 3444 staura,
1339 3363 1417 3452 ido}-

296 3473 389 3552 δορα,
405 3474 546 3551 falsior,
568 3479 802 3558 πανακτοριῇς,
817 3476 927 3546 staec,
944 3471 1050 3532 seror
1066 3465 1154 3547 (sio),
1175 3466 1304 3546 glossae
1318 3465 1417 3528 Laco·
1511 3497 1516 3508 ·

295 3574 387 3639 nicae
415 3573 601 3638 recentioris
629 3571 746 3636 aetatis
767 3574 790 3650 β
812 3566 986 3633 ostendunt
1013 3564 1084 3628 loco
1107 3562 1230 3644 antiqui
1253 3561 1415 3643 digammi,

294 3671 345 3736 vel
361 3670 394 3734 in
410 3668 526 3735 mediis
539 3669 686 3750 vocibus,
710 3667 848 3748 denique
869 3660 1066 3747 grammatici
1083 3659 1124 3725 de
1138 3659 1298 3724 Laconico
1319 3657 1417 3741 hujus

294 3767 409 3833 literae
431 3787 490 3832 usu
511 3773 677 3832 testantur.
710 3763 830 3841 Quare
852 3762 946 3828 facile
967 3757 1165 3837 adducimur,
1189 3762 1224 3820 ut
1244 3755 1415 3838 antiquiori

162 3857 165 3860 ’
294 3864 475 3928 Laconicae
490 3863 627 3928 dialecto
647 3862 809 3943 digamma
825 3858 972 3924 omnibns
992 3857 1032 3922 iis
1046 3853 1125 3920 locis
1140 3853 1325 3932 tribuamus,
1348 3853 1416 3934 qui·

295 3959 355 4024 bus
369 3959 402 4022 in
419 3958 542 4024 Graeca
555 3959 667 4041 lingna
687 3957 771 4022 hanc
792 3957 918 4022 literam
941 3959 1100 4020 servatam
1116 3970 1187 4017 esse
1209 3955 1296 4014 certa
1319 3949 1417 4014 habe-

296 4078 366 4124 mus
387 4055 516 4121 indicia.
554 4057 592 4120 In
611 4076 674 4138 qna
695 4074 731 4120 re
752 4073 865 4120 vercor
887 4072 928 4118 ne
950 4073 970 4116 a
991 4071 1067 4117 vero
1090 4047 1268 4132 paullulum
1291 4046 1418 4111 aberre-
