3218 4934
568 493 690 548 Schedae
707 492 906 562 grammaticae.
1244 483 1305 545 109

176 661 289 732 Curtio
309 671 358 733 est
379 666 564 748 offensioni,
597 665 744 750 exemplo
772 664 945 730 formarum
973 660 1060 747 μετά
1078 645 1114 730 ct
1136 657 1227 726 cedd
1251 660 1306 726 do·

176 771 274 845 uetur,
298 763 332 828 in
355 763 469 846 quibus
492 763 605 830 cadem
628 763 710 829 ratio
733 763 935 846 conspicitur.

641 967 845 978 ——-—-

175 1119 217 1184 X.
247 1115 1304 1210 Depraepositionisauco'origineetiormisvariis.

261 1253 538 1338 Praepositionum
555 1275 700 1340 apocope
721 1256 755 1320 in
777 1254 876 1321 variis
898 1253 1045 1320 dialectis
1068 1253 1257 1320 observatur
1273 1261 1306 1320 et

175 1351 209 1415 in
225 1350 417 1434 quibusdam
439 1353 517 1418 satis
532 1359 684 1419 constans
705 1359 762 1419 est.
792 1351 1016 1418 Heraclienses
1032 1349 1162 1433 quidem
1177 1371 1305 1435 semper

43 1468 46 1476 ·
174 1444 216 1512 dc
240 1469 297 1532 pro
320 1445 400 1528 ἀνά,
433 1447 495 1514 ada
516 1472 573 1534 pro
598 1447 683 1514 κατά
712 1448 834 1514 dixisse
855 1467 897 1514 ex
925 1447 1044 1514 tabulis
1073 1447 1138 1514 illis
1169 1449 1305 1532 egregiis

42 1613 48 1624 ,
174 1567 233 1630 pro
256 1553 343 1613 certo
366 1548 493 1613 scimus.
539 1549 676 1631 Saepius
698 1551 806 1612 autem
828 1565 887 1629 pro
910 1544 973 1609 κάτ
994 1545 1123 1618 brevior
1145 1546 1305 1628 quaedam

174 1644 277 1710 forma
300 1643 348 1709 κά
371 1646 519 1728 cernitur,
542 1664 624 1728 quae
642 1665 708 1710 non
730 1643 833 1709 solum
856 1643 890 1707 in
912 1642 1020 1708 multis
1042 1642 1304 1728 inscriptionibus

173 1742 300 1824 legitur,
325 1743 554 1810 verumetiam
577 1763 597 1807 a
618 1739 844 1825 grammaticis,
867 1740 1008 1806 maxime
1029 1741 1070 1806 ab
1086 1741 1247 1826 Hesychio
1270 1744 1304 1808 in

174 1840 392 1923 compluribus
420 1842 537 1923 glossis
565 1839 710 1906 traditur.
755 1837 845 1918 Quae
874 1837 1002 1920 quidem
1031 1845 1162 1934 pgoptcr
1190 1841 1304 1905 miram

173 1935 266 2000 illam
293 1936 428 2003 formam
458 1937 499 2002 ad
529 1939 717 2021 plerumque
746 1935 801 2002 vel
828 1935 910 2001 falso
940 1936 1080 2002 traditae
1101 1936 1156 2002 vel
1185 1936 1304 2004 dubiae

174 2032 250 2101 fidei
274 2054 344 2100 csse
366 2035 569 2102 videbantur.
614 2035 683 2101 Nec
704 2033 810 2100 minus
831 2034 912 2099 talia
933 2033 1175 2116 inscriptionum
1198 2053 1304 2102 exem·

174 2132 231 2214 pla
260 2151 300 2197 ex
329 2133 535 2215 neglegentia
562 2131 774 2217 lapicidarum
803 2131 1108 2216 interpretabantur.
1152 2133 1196 2197 At
1218 2131 1304 2198 κατά

175 2237 207 2294 et
228 2227 271 2293 κά
293 2230 326 2295 in
342 2231 507 2294 nonnullis
524 2229 669 2296 dialectis
692 2230 870 2313 promiscue
892 2229 1041 2312 usurpari
1063 2229 1133 2296 sine
1155 2230 1224 2296 ulla
1246 2231 1305 2296 dif-

174 2326 317 2394 ficultate
346 2333 452 2410 potest
481 2327 618 2394 ostendi.
662 2325 830 2405 Quomodo
860 2325 902 2391 dc
931 2327 999 2392 eius
1032 2327 1153 2393 formae
1180 2329 1304 2412 origine

174 2423 381 2488 iudicandum
410 2425 466 2504 sit,
497 2424 581 2488 inira
609 2423 806 2502 videbimus,
835 2442 906 2487 oum
938 2424 1088 2507 exempla
1115 2446 1182 2491 uon
1204 2427 1303 2493 dubia

175 2521 479 2585 enumeraverimus.
523 2517 700 2585 Occurrunt
727 2526 834 2584 autem
862 2520 1109 2603 praepositionis
1132 2518 1174 2585 κά
1197 2543 1304 2590 exem·

176 2618 294 2702 plain
319 2616 499 2682 dialecto

260 2715 285 2778 L
324 2714 528 2780 laconica:

263 2815 292 2889 i)
330 2806 635 2896 παρ-κα-θήκα
660 2829 717 2892 pro
747 2810 1038 2898 παρακαταθήκα,
1068 2811 1302 2896 ,depositum“,

173 2909 207 2974 in
217 2910 426 2993 inscriptione
441 2908 569 2990 legitur,
585 2925 680 2988 quam
695 2907 916 2976 Eustratiades
928 2905 1184 2996 (Ἀρχαιολογικὴ
1198 2907 1301 2998 impp.

149 3070 152 3074 Α
177 3011 273 3090 1869,
303 3029 335 3090 p.
359 3010 433 3084 344)
456 3011 488 3072 et
510 3005 683 3070 Kirchhoff
705 3004 987 3082 (Monatsbcrichte
1016 3006 1073 3074 der
1094 3008 1179 3074 Berl.
1201 3007 1302 3076 Acad.

176 3110 259 3171 1870
282 3108 333 3170 31.
355 3104 441 3178 Jan.)
465 3102 645 3170 ediderunt
682 3101 778 3167 Ouius
800 3102 1016 3188 inscriptionis
1033 3126 1113 3188 pars
1135 3106 1239 3187 altera
1259 3109 1301 3174 ab

173 3203 263 3268 hisae
281 3202 387 3267 verbis
401 3201 528 3285 incipit:
551 3199 724 3286 ,Eoudtuc
745 3199 956 3288 παρκαθήκα
978 3207 1041 3266 τῶι
1058 3203 1231 3286 delegate
1247 3228 1303 3271 τε·

173 3297 350 3383 τρακάτιοι
373 3309 454 3378 μναῖ
475 3293 655 3381 ἆργυρίω.“
691 3295 912 3379 Eustratiades
934 3297 1067 3365 formam
1089 3299 1301 3387 menandriana
1357 3345 1359 3349 ι

173 3396 256 3460 falso
278 3395 388 3460 aoristi
414 3393 623 3460 indicadvum
645 3411 717 3458 csse
740 3392 866 3476 statuit,
890 3394 1105 3463 Kirehhoifius
1127 3405 1212 3464 recte
1235 3399 1302 3481 qui-

175 3492 250 3559 dem
271 3491 432 3560 intellexit
453 3507 524 3556 esse
546 3490 798 3572 substantivum,
821 3492 879 3558 sed
900 3493 934 3559 id
957 3513 1014 3576 pro
1037 3493 1301 3582 παρκαΜθΜκα

176 3609 247 3657 esse
268 3595 369 3673 putat
730 3580 733 3588 ’

260 3691 292 3764 2)
323 3683 365 3752 κά
383 3685 558 3769 separatim
578 3684 741 3754 invenitur
755 3685 788 3751 in
805 3685 948 3754 eiusdem
970 3689 1186 3774 inscriptionis
1208 3697 1301 3773 parte

120 3777 123 3785 ’
173 3786 286 3868 altera,
309 3805 358 3852 vs.
375 3789 410 3848 7:
435 3783 623 3866 διαγνώμεν
640 3780 676 3847 δὲ
693 3779 760 3860 τώς
778 3785 948 3870 Τεγεάτας
970 3785 1020 3852 κὰ
1041 3786 1111 3851 τὸν
1126 3786 1300 3870 dedseris

175 3885 332 3966 etaltera,
355 3902 403 3947 vs.
422 3886 476 3946 11:
499 3883 553 3947 coi
571 3888 737 3966 Τεγεᾶται
753 3881 937 3966 διαγνόντω
961 3882 1010 3948 κὰ
1027 3882 1098 3949 τὸν
1117 3884 1299 3969 deducio.

259 3981 366 4046 Etiam
382 3980 527 4062 Alcman,
551 3980 713 4046 laconicus
736 3988 841 4065 poeta,
866 3977 908 4046 κά
931 3984 1104 4066 separatim
1127 4003 1300 4069 usurpasse

174 4075 309 4166 videtur,
333 4098 407 4143 nam
424 4078 451 4145 si
466 4079 500 4146 in
514 4078 627 4162 fragm.
644 4080 776 4163 antiquo
795 4085 836 4144 44
860 4080 993 4163 (Bergk)
1017 4075 1093 4145 κατ’
1111 4073 1152 4146 ab
1170 4079 1298 4167 κάρραν
