3218 4934
597 465 718 520 Schedae
735 465 935 534 grammaticae.
1113 539 1120 552 υ
1268 465 1330 526 119

204 638 238 704 in
267 635 457 705 abscondita
485 635 696 705 adnotatione
722 642 762 702 29
791 659 822 721 p.
847 643 887 704 55
916 637 1052 706 eandem
1081 641 1331 725 explicationem

203 736 388 818 indagasse.

290 833 372 898 Huio
393 831 489 898 alteri
516 833 790 916 praepositionem
813 832 998 916 explicandi
1020 834 1136 900 rationi
1158 837 1331 920 probabili-

205 938 302 998 tatem
325 929 491 1012 ooneiliat,
515 929 601 1013 quod
624 929 666 995 κά
688 931 723 995 in
744 930 910 1008 vocabulis
934 928 1070 1010 κάσσον,
1094 932 1246 1015 καλάζει,
1270 932 1330 998 κά-

204 1027 293 1109 λαμα
315 1048 386 1093 oum
408 1028 555 1110 sequenti
577 1029 681 1094 vooali
703 1029 862 1094 coaluisse
884 1028 1019 1111 videtur,
1049 1036 1081 1095 et
1103 1031 1188 1113 qnod
1210 1031 1244 1096 in
1267 1031 1330 1097 He·

203 1126 316 1192 siodea
344 1145 423 1191 voee
453 1125 615 1207 καυάξαις
646 1126 807 1209 digammo
834 1127 868 1190 in
890 1151 909 1189 υ
933 1133 1054 1192 mutato
1084 1130 1331 1214 praepositionis

205 1221 397 1290 1111111111
420 1247 442 1287 α
465 1231 536 1290 111
561 1223 793 1308 diphthongum
822 1222 945 1288 faciunt
974 1223 1170 1306 (affligere).
1214 1226 1331 1306 Quam-

204 1342 299 1404 quam
323 1321 408 1386 enim
423 1321 458 1386 in
473 1321 604 1388 Homeri
619 1321 813 1388 carminibus
827 1322 918 1387 varia
938 1323 1188 1390 assimulationis
1210 1343 1331 1407 genera

204 1425 309 1503 (καβ-,
340 1441 428 1502 aar,
459 1417 551 1497 καδ-,
582 1443 671 1498 κακ·,
695 1419 783 1498 καλ-,
808 1442 901 1499 καμ-,
926 1443 1014 1499 aon,
1039 1445 1135 1500 norm,
1166 1426 1259 1505 trop-l
1285 1421 1331 1485 in·

204 1517 384 1596 veniuntur,
411 1522 520 1581 tamen
543 1515 623 1580 illud
647 1512 808 1596 καυάξαις
831 1535 935 1598 neque
955 1516 1002 1582 ita
1023 1519 1102 1585 satis
1124 1520 1207 1584 bene
1232 1518 1332 1602 expli·

203 1615 268 1680 oari
291 1621 412 1697 potest,
441 1622 475 1680 ut
497 1639 516 1678 τ
538 1614 644 1679 littera
667 1614 812 1696 sequenti
831 1639 852 1677 r
873 1613 1062 1680 assimulata
1084 1614 1142 1698 sit,
1168 1636 1227 1681 neo
1250 1616 1330 1681 eius·

203 1712 277 1779 dem
299 1712 427 1778 litterae
449 1718 525 1777 ante
547 1737 569 1775 r
592 1709 682 1777 elisio
706 1712 863 1795 exemplis
886 1709 1098 1778 confirmatur.

289 1810 358 1875 Huo
381 1809 515 1891 aceedit,
539 1809 625 1890 quod
647 1809 780 1875 ltalioae
802 1810 934 1893 linguae
956 1809 1077 1877 similes
1099 1811 1217 1875 formas
1240 1829 1332 1893 prae·

204 1909 295 1989 bent,
331 1927 372 1973 ex
401 1926 463 1991 quo
499 1906 651 1988 eoniioias
687 1905 730 1971 κά
765 1907 1023 1990 graeooitalieam
1060 1906 1331 1992 praepositionem

202 2006 314 2072 fuisse:

291 2133 321 2206 1)
357 2126 546 2193 Oseorum
561 2127 690 2192 forma
712 2126 860 2201 oe-brmst,
885 2147 980 2210 quam
998 2125 1123 2192 Curtius
1140 2127 1174 2191 in
1191 2126 1281 2192 stud.
1299 2127 1332 2192 ΙΙ

203 2248 234 2310 p.
251 2231 312 2300 437
336 2224 495 2303 traotavit,
519 2224 638 2288 oollata
661 2223 799 2286 om-bnet
820 2230 890 2308 (pro
915 2224 1053 2307 obvenit,
1077 2223 1223 2305 Corssen,
1247 2224 1332 2289 Zeit-

204 2322 315 2388 sohriit
336 2323 394 2402 XI,
418 2327 491 2395 414)
515 2321 785 2403 praepositionem
808 2324 973 2389 continere
995 2321 1130 2404 videtur,
1154 2341 1236 2404 quae
1259 2341 1331 2387 eum

203 2417 247 2482 κά
269 2425 374 2500 potest
395 2419 581 2502 comparari.

292 2545 323 2616 2)
361 2541 547 2605 Latinum
576 2542 672 2601 σι’-111
701 2539 744 2604 ad
772 2539 923 2616 eandem,
939 2541 1073 2605 formam
1100 2541 1259 2623 pertinere
1287 2541 1333 2604 vi·

206 2638 307 2702 detur.
348 2638 392 2703 Ut
414 2639 522 2709 iro-tra,
547 2638 655 2708 iro-tro,
680 2637 778 2698 ira-ter
800 2656 820 2700 a
842 2636 1082 2719 praepositione
1103 2639 1144 2710 in,
1167 2636 1290 2698 sut-rer
1312 2656 1332 2700 a

204 2735 275 2809 sub,
303 2745 476 2819 praetera
502 2755 584 2819 prae
606 2733 753 2799 derivata
775 2741 865 2814 suut,
896 2735 941 2798 ita
963 2733 1051 2798 haud
1075 2733 1171 2799 dubie
1194 2740 1290 2795 cetra
1309 2754 1333 2798 a

205 2834 282 2906 *αξ
306 2852 441 2914 quonum
465 2829 507 2896 κά
529 2849 721 2914 comparem,
746 2828 918 2895 deductum
941 2837 999 2896 est.
1190 2822 1194 2832 ’

290 2959 321 3032 3)
352 2955 475 3021 Eadem
494 2955 599 3037 stirps,
623 2954 721 3035 quam'
741 2972 782 3018 ex
805 2954 902 3015 oi-tra
925 2953 1114 3037 oolligimus,
1137 2953 1275 3018 eundem
1297 2955 1331 3018 in

204 3052 334 3117 modum
357 3060 454 3135 atque
476 3051 513 3117 ἐκ
536 3053 570 3116 in
594 3049 640 3131 ἐξ,
664 3048 827 3129 11111111,
851 3049 906 3112 oab
922 3051 956 3114 in
971 3050 1069 3127 sutbls
1092 3049 1190 3124 (Ourt.
1208 3053 1332 3134 Etyma

205 3154 279 3225 291)
302 3152 335 3215 in
359 3152 403 3212 cis
424 3149 618 3233 amplificata
638 3156 696 3230 est,
720 3168 802 3231 quae
823 3148 857 3212 in
873 3148 1023 3213 Plautino
1045 3147 1223 3232 orio-pellere
1246 3148 1332 3222 (Am-

204 3247 284 3330 phit.
309 3247 391 3310 3.’4.
417 3251 467 3324 17)
490 3265 587 3312 verae
609 3246 857 3330 praepositionis
879 3265 1010 3312 munere
1033 3247 1184 3328 iungitur.

292 3347 323 3421 4)
360 3344 491 3408 Latinos
513 3343 721 3426 imperativos
743 3343 841 3408 11111
865 3351 896 3408 11
919 3349 1041 3423 11111,
1071 3362 1204 3424 quorum
1227 3351 1331 3426 poste·

206 3439 305 3504 riores
328 3449 435 3522 partes
457 3440 574 3505 formas
597 3439 717 3516 11111111)
741 3446 774 3504 11
795 3439 867 3502 dote
890 3441 1063 3520 continent,
1087 3459 1128 3504 ex
1151 3438 1329 3514 *oe-dated,

207 3541 355 3600 *ce-duta
378 3556 520 3620 syncope
542 3537 663 3602 vooalis
686 3558 705 3599 a
727 3536 812 3602 faeta
834 3543 919 3602 ortos
942 3556 1013 3602 esse
1036 3537 1114 3602 satis
1139 3541 1249 3600 notum
1272 3543 1330 3603 est.

292 3660 425 3725 Duabus
453 3659 549 3742 igitur
578 3659 628 3724 his
657 3659 834 3725 rationibus
861 3659 942 3724 illrid
966 3657 1009 3723 κά
1032 3658 1187 3742 explieari
1216 3665 1329 3742 potest,

205 3778 337 3841 qnamm
367 3764 438 3823 utra
465 3764 552 3824 reeta
583 3757 638 3836 sit,
668 3756 816 3840 equidem
845 3777 909 3821 non
939 3755 1088 3822 diiudieo.
1134 3754 1281 3821 Ceterum
1304 3757 1331 3822 si

204 3856 383 3922 breviorem
407 3856 540 3921 formam
563 3855 692 3938 plenam
715 3862 747 3920 et
769 3855 810 3919 ab
833 3854 946 3919 ultima
968 3854 1158 3936 antiquitate
1179 3852 1330 3919 traditam

206 3973 277 4020 osse
297 3953 474 4036 statuimus,
499 3951 558 4017 erit
581 3953 660 4018 haee
674 3951 776 4017 forma
790 3969 927 4032 graecae
947 3952 1068 4018 latinae
1091 3969 1185 4016 oseae
1207 3951 1331 4035 lingua-

205 4071 273 4114 rum
297 4050 482 4132 eommunis,
506 4051 556 4116 sin
578 4051 713 4116 alteram
736 4046 921 4131 explioandi
943 4049 1029 4114 viam
1046 4047 1253 4131 ingredimur,
1277 4068 1331 4115 ne·
