3208 4928
290 464 352 527 262
781 465 918 522 ‘Schrader
934 543 939 554 ¹

291 641 494 723 carminibus,
517 655 590 706 cunr
611 640 772 706 'uariorum
794 646 972 730 temporum
996 646 1027 704 et
1049 639 1163 722 poesin
1186 644 1218 704 et
1237 657 1421 704 sermonem

291 739 384 804 nobis
406 739 554 822 prodant,
578 759 689 822 nonne¹
707 758 827 823 parvus
849 736 962 803 talium
984 736 1211 802 vocabulorum
1234 737 1380 802 vocalem
1398 741 1421 799 ᾶ

291 835 512 902 exhibentium
527 856 677 902 numerus
693 838 894 921 conspicitur,
911 835 994 920 quae
1007 843 1042 901 ut
1056 832 1135 914 θεά,
1151 839 1249 914 θεᾶς,
1265 838 1335 919 θεᾷ
1347 840 1420 914 etc,

291 931 454 1013 Αἰνείας,
481 928 649 1016 Ἑρμείας,
679 933 744 1016 μάν
768 942 827 1001 etc.
856 957 920 1001 non
944 933 1071 1000 Aeolidi
1094 931 1152 998 sed
1174 931 1346 1014 antiquiori
1368 931 1421 995 Io-

290 1032 384 1096 nismi
401 1032 497 1096 statui
513 1029 709 1097 vindicanda
725 1051 796 1098 esse
811 1040 843 1098 et
858 1031 1061 1098 Hinriolrsius
1077 1029 1130 1109 (de
1147 1029 1231 1094 hom.
1245 1029 1324 1094 eloe.
1337 1035 1419 1094 vest.

290 1128 371 1194 aeol.
389 1148 421 1210 p.
437 1130 487 1193 73.
504 1133 541 1206 s.)
565 1134 597 1193 et
614 1128 779 1196 Harderus
801 1130 855 1208 (de
878 1155 899 1194 α
921 1129 1026 1196 vocali
1048 1127 1136 1212 apud
1151 1127 1324 1192 Homerum
1346 1147 1420 1213 pro-

292 1223 387 1290 ducta
408 1246 439 1308 p.
458 1228 508 1290 85.
524 1227 564 1303 s.)
576 1226 706 1309 ,pariter
727 1227 972 1320 iudicaverunt?

375 1320 469 1400 Quod
491 1341 562 1388 cum
584 1325 631 1390 ita
656 1325 712 1406 sit,
743 1320 881 1391 dubitari
909 1333 974 1391 non'
1003 1330 1123 1408 potest,
1154 1322 1231 1405 quin
1254 1321 1418 1404 quondam

289 1419 386 1485 Iones
413 1421 447 1485 in
475 1423 496 1482 ἇ
519 1423 697 1489 mutatione
719 1423 833 1488 Atticis
863 1442 958 1506 pares
986 1423 1118 1504 tuerint,
1149 1418 1341 1502 migratione
1369 1438 1419 1484 se-

289 1518 394 1582 cunoti
424 1518 592 1601 paullatim
622 1520 656 1585 in
685 1541 756 1587 eam
780 1520 947 1585 dilatatam
975 1518 1097 1585 vocalis
1125 1516 1418 1602 pronuntiationem

290 1614 415 1697 delapsi
444 1616 526 1698 sint,
556 1636 651 1699 quam
679 1619 713 1682 in
742 1619 929 1685 recentioris
957 1617 1045 1690 Iadis
1075 1623 1106 1682 et
1134 1614 1236 1680 titulis
1265 1619 1296 1679 et
1325 1613 1418 1679 libris

288 1713 511 1797 perspicimus.
784 1725 789 1734 ·

374 1811 480 1893 Atque
501 1831 543 1877 ne
566 1811 607 1878 dc
629 1811 746 1879 atticae
768 1813 898 1896 quidem
922 1812 1050 1878 dialecti
1079 1811 1173 1876 huius
1195 1809 1323 1875 litterae
1345 1827 1416 1890 usu,

289 1906 315 1973 si
346 1926 418 1972 eum
447 1928 519 1973 oum
549 1909 695 1976 dialectis
722 1911 951 1976 aeolo-doricis
981 1930 1165 1995 comparas,
1199 1909 1229 1973 J.
1259 1906 1418 1972 Schmidti

288 2005 480 2070 sententiam
495 2007 707 2088 probaverim.
737 2007 890 2086 Quamvis
907 2008 990 2072 enirn
1007 2006 1240 2091 perdolendum
1256 2005 1308 2087 sit,
1330 2005 1417 2087 quod

287 2101 422 2166 historia
444 2102 644 2184 antiquorum
661 2105 817 2186 Graeciae
839 2111 1017 2188 temporum
1033 2105 1124 2187 quasi
1147 2124 1188 2169 ex
1208 2103 1327 2169 fabulis
1341 2123 1417 2185 poe-

288 2205 392 2264 tarum
420 2199 563 2281 petenda
591 2207 709 2266 est-
738 2203 764 2267 si
794 2200 923 2284 quidem
952 2203 1027 2268 licet
1056 2202 1206 2268 historico
1235 2201 1268 2266 in
1297 2201 1416 2268 fabulis

288 2314 414 2378 quoque
437 2295 649 2377 aliquidrveri
672 2319 864 2382 cognoscere
880 2335 923 2346 -—
940 2300 1001 2365 hoc
1023 2320 1121 2365 unum
1143 2299 1287 2381 intellegi
1309 2306 1416 2382 potest

287 2393 401 2476 priscis
423 2393 487 2459 illis
509 2397 705 2478 temporibus
727 2405 828 2462 totam
841 2397 1011 2463 Graeciam
1029 2397 1163 2463 avariis
1177 2397 1332 2480 gentibus·
1343 2415 1414 2464 esse

286 2497 506 2574 peragratam,
532 2487 667 2560 alteram
689 2496 782 2562 alteri
805 2496 1013 2576 successisse,
1036 2495 1120 2561 hanc
1142 2494 1301 2577 diffusam,
1324 2494 1415 2558 illam

286 2609 490 2673 suppressam
516 2610 597 2656 esse.

372 2688 445 2752 Non
470 2687 540 2753 dico
563 2689 772 2755 dialectorum
794 2689 879 2754 hunc
900 2688 1062 2771 ordinem,
1091 2689 1152 2753 hoc
1175 2694 1325 2774 stemma,
1352 2709 1414 2773 quo

286 2805 372 2850 nunc
404 2786 562 2851 tralaticio
596 2807 684 2852 more
717 2787 864 2869 singulae
892 2792 1048 2869 gentesa
1075 2787 1178 2870 primo
1207 2787 1265 2852 illo
1294 2788 1414 2872 populo

187 2920 190 2926 -
287 2881 474 2949 discessisse
497 2883 660 2965 dicuntur,
690 2905 820 2968 prorsus
842 2903 913 2950 esse
934 2891 1065 2950 rectum.
1110 2882 1244 2966 Vereor,
1268 2905 1310 2951 ne
1332 2904 1415 2967 quae

191 3044 192 3053 ,
285 2979 369 3044 inter
385 2978 511 3045 doricas
533 2987 565 3045 et
587 2981 727 3047 aeolicas
746 2981 932 3046 discrimina
952 2981 1141 3048 adferuntur
1156 2982 1321 3064 dialectos,
1344 3003 1414 3067 per-

176 3132 180 3139 .
286 3076 432 3158 paullum
454 3077 594 3142 valeant.
639 3077 756 3143 Nescio
779 3097 821 3141 an
843 3077 902 3142 illa
923 3079 1101 3146 stemmatis
1128 3080 1251 3164 imago,
1281 3083 1413 3163 quanti

286 3174 400 3255 solent,
424 3183 490 3237 non
511 3180 589 3256 apta
611 3173 653 3239 sit
668 3179 765 3256 atque
780 3173 988 3241 accomodata
1002 3196 1187 3260 graecarum
1204 3176 1413 3257 dialectorum

287 3269 483 3351 condicioni;
512 3269 579 3337 fieri
602 3272 686 3337 enim
709 3273 827 3356 potuit,
856 3279 891 3338 ut
912 3274 1019 3356 potius
1041 3275 1188 3358 singulae
1204 3269 1322 3358 'gentes
1348 3276 1414 3340 alia

286 3375 359 3451 post
381 3369 478 3442 aliam
501 3390 522 3435 a
546 3370 648 3452 primo
675 3369 733 3434 illo
761 3372 881 3454 populo
904 3370 1157 3453 digrederentur.
1200 3373 1267 3439 Sed
1283 3372 1330 3447 ,de
1352 3375 1413 3438 hoc

286 3472 356 3531 utut
388 3466 545 3532 iudicabis
573 3503 616 3512 -
644 3486 683 3532 ac
716 3487 808 3550 spero
838 3469 943 3551 ipsam
971 3471 1055 3534 hano
1085 3469 1331 3554 disputationem
1361 3471 1412 3536 his

285 3562 381 3628 rebus
407 3563 530 3646 aliquid
556 3564 635 3630 lucis
658 3565 829 3630 allaturam
852 3585 923 3633 esse
945 3602 997 3651 —,
1021 3586 1064 3634 ex
1085 3568 1164 3650 ipsis
1188 3566 1334 3634 dialectis
1357 3567 1412 3634 de·

286 3661 455 3726 monstrari
478 3666 592 3744 potest,
619 3661 732 3744 priscis
754 3661 820 3728 illis
841 3665 1037 3748 temporibus
1059 3665 1102 3730 ad
1123 3665 1255 3748 linguae
1276 3685 1411 3749 graecae

287 3756 442 3823 dialectos
469 3757 712 3824 constituendas
741 3759 852 3842 quanti
883 3763 1037 3828 momenti
1069 3763 1292 3846 migrationes,
1327 3764 1411 3829 colo·

285 3855 374 3932 niae,
398 3853 559 3937 digressus
580 3856 706 3923 luerint.
