3208 4928
483 456 661 526 Quaaoones
679 454 900 524 dialectologicae
916 470 1037 524 graecae.
1211 413 1214 419 ·
1260 449 1322 512 327

281 630 314 705 b)
347 653 366 715 η
390 648 448 713 pro
470 631 492 692 ἆ
512 648 619 696 merae
642 579 832 712 scriptorurn
855 627 997 696 Atthidis
1018 626 1192 713 peritorum
1214 629 1326 712 negle-

194 728 325 812 gentiae
348 726 491 793 debetur.
525 726 564 792 cl.
587 721 696 814 ἡμέρα
717 726 784 792 tab.
806 724 882 791 and.
905 722 1144 812 βαλανηφάγοι
1165 725 1236 792 Alc.

512 935 551 992 B.
595 936 639 993 llo
660 938 796 1008 temporo
818 935 1009 992 motationis.
1126 947 1129 952 ·

285 1069 315 1143 l)
352 1064 504 1131 vocalem
525 1089 545 1152 η
569 1065 663 1131 intra.
682 1065 783 1149 ipsine
811 1064 918 1148 graeci
949 1063 1107 1132 aer-monis
1133 1061 1212 1131 fines
1236 1066 1320 1129 cxci

195 1181 266 1230 cese
296 1169 397 1229 ortam
424 1182 530 1246 nequo
557 1162 600 1228 ad
628 1162 799 1230 remotiora
826 1161 933 1229 redire
960 1168 1106 1246 tempora
1134 1162 1322 1245 plerumque

195 1261 408 1344 perspicuum,
429 1259 590 1326 interdum
612 1261 680 1327 veri
702 1259 806 1326 simile
828 1265 886 1326 est.

281 1361 313 1432 2)
350 1355 497 1424 Studium
525 1357 607 1424 illud
634 1358 794 1424 vocalium
823 1356 1062 1436 concinnitatis,
1096 1375 1158 1439 quo
1187 1357 1209 1418 ἃ
1235 1355 1319 1442 int]
1420 1413 1426 1426 .

195 1462 351 1520 mutatum
374 1462 432 1537 eet,
455 1454 565 1522 valere
586 1455 691 1540 coepit
712 1474 750 1521 eo
765 1461 920 1548 tenpore,
942 1467 1005 1538 quo
1026 1453 1170 1537 reliquae
1191 1451 1322 1519 dialecti

194 1552 394 1634 coniunctae,
417 1551 489 1618 elea
510 1550 551 1618 ab
574 1553 621 1619 eie
644 1551 789 1636 digressa
810 1556 904 1617 esset.
939 1614 942 1623 ,
1073 1563 1075 1566 ·

281 1654 314 1728 3)
349 1648 479 1716 Vocalie
500 1654 523 1713 ἃ
546 1649 696 1717 Eleorum
718 1649 873 1716 vetustior
894 1655 944 1716 eet
965 1669 1059 1733 qoam
1083 1671 1103 1736 η
1126 1646 1320 1731 reliquorum
1436 1701 1440 1705 .

195 1745 389 1813 Graecorum
405 1747 513 1830 itaque
527 1747 589 1813 hac
603 1748 636 1812 in
652 1767 686 1814 re
704 1747 777 1813 elea
791 1746 950 1813 dialectos
965 1746 1111 1831 proxime
1125 1744 1168 1811 ad
1183 1739 1320 1829 prinlum

194 1844 284 1945 illum
307 1864 444 1928 graecae
466 1844 597 1928 linguae
618 1849 735 1910 etatum
757 1843 890 1912 accedit.
