3208 4928
414 525 416 530 b
520 441 562 498 De
579 440 718 498 alemanis
736 447 834 515 poetae
852 440 976 498 dialecto.
1250 440 1314 504 339

184 617 244 682 καὶ
272 610 292 702 ἡ
322 619 388 679 τῶν
411 609 599 692 Λακώνων,
629 605 649 698 ᾗ
680 617 838 698 κέχρηται
856 609 1042 696 Ἀλκμάων.
1088 611 1211 682 Eadem
1235 617 1314 698 sere,

185 715 239 796 qui
261 733 303 779 ex
318 710 431 778 eodem
447 709 535 776 toute
550 718 646 793 atque
665 711 722 776 ille
738 710 846 776 hausit
860 711 1034 794 Gregorius
1049 710 1233 777 Corinthius
1249 716 1307 778 371
1324 705 1325 710 ’

185 809 236 876 ed.
253 808 415 876 Sohaeler.
448 807 627 874 Pausanias
649 827 720 872 oum
736 809 901 874 alamanis
924 809 1118 876 mentionem
1140 808 1227 890 11111,
1252 808 1313 875 hoo
1409 815 1411 819 ‘

186 907 321 973 adnotat
342 906 384 973 de
405 905 476 989 ejus
504 904 698 972 carminibus
720 904 770 970 Ill
795 910 843 969 15.
867 909 886 969 2
916 898 942 992 ᾦ
966 893 1150 990 werdonem
1178 901 1314 993 ᾅσματα

186 1001 284 1071 οὐδὲν
307 1002 343 1081 ἐς
366 998 490 1089 ἡδονὴν
513 999 622 1068 αὐτῶν
645 999 830 1088 ἐλυμήνατο
852 1009 918 1067 τῶν
935 1000 1113 1067 Λακώνων
1129 999 1148 1090 ἡ
1166 1003 1314 1087 1111111,

186 1099 544 1188 ἥκισταηαρεχομένη
568 1097 606 1190 τὸ
632 1095 795 1184 εὔφωνον.
838 1100 924 1166 Satis
946 1119 986 1167 ex
1002 1100 1053 1166 his
1068 1107 1204 1183 apparet
1225 1098 1314 1183 apud

185 1204 312 1264 veteres
341 1198 522 1264 eonstitisse
546 1198 708 1262 Laconem
736 1203 864 1279 poetam
888 1196 1048 1262 Laoonioa
1076 1196 1216 1264 dialeoto
1242 1217 1314 1264 esse

186 1315 294 1378 usum,
316 1295 413 1359 immo
431 1313 487 1360 eas
504 1295 633 1375 formas,
657 1313 772 1376 quasa
788 1293 909 1359 Doride
931 1295 1055 1359 alienas
1069 1313 1128 1360 nos
1143 1293 1314 1359 imitationi

186 1392 317 1457 Homeri
346 1393 548 1457 attribuimus
571 1391 624 1456 vel
648 1390 813 1473 evulgari
841 1391 985 1474 lingua'
977 1413 1011 1456 11
1039 1398 1151 1457 nostra
1172 1392 1315 1456 earmina

185 1489 354 1573 irrepsisse
376 1496 535 1572 putamus,
558 1508 615 1572 pro
632 1488 756 1554 Derieis
778 1506 843 1552 non
866 1507 1040 1586 numquam
1060 1486 1247 1554 vendidisse
1269 1489 1315 1551 vi·

187 1587 303 1654 dentur
325 1586 364 1652 of.
380 1588 487 1670 Apoll.
511 1587 552 1652 de
568 1606 660 1668 pron.
676 1579 821 1651 3660
801 1609 821 1672 11
846 1566 936 1648 Ed
920 1581 1046 1667 ομοίως
1068 1584 1157 1669 πρὸς
1179 1582 1315 1650 πάντων

188 1681 300 1770 κοινή·
323 1687 472 1767 Δωριεις
488 1681 545 1748 111
560 1706 696 1748 soor
710 1705 820 1768 προς
837 1681 920 1748 de
888 1705 924 1748 τε
942 1683 1148 1768 sarmium
1171 1678 1315 1763 Ἀλκμάν
1429 1737 1431 1747 ,

187 1783 286 1847 ..καὶ
303 1779 354 1846 dm
368 1787 507 1857 κοινως·
532 1782 569 1847 σὲ
593 1777 656 1865 γὰρ
680 1775 813 1860 ἅζομαι.
846 1778 1052 1845 ALaooniea
1066 1778 1227 1844 dialooto
1219 1777 1278 1859 igit
1279 1796 1317 1841 ur

186 1829 451 1963 profioisoendum
484 1884 549 1958 est,
584 1897 655 1942 oum
685 1876 868 1959 materiam,
898 1895 994 1959 quam
1017 1875 1206 1942 Alemanioa
1231 1876 1316 2002 trag·

140 2027 143 2032 -
186 1982 306 2043 menta
318 1974 535 2059 suppeditant,
559 1974 823 2040 examinabimus.

257 2073 347 2139 Noli
363 2080 472 2139 tamen
488 2052 628 2155 eredere,
652 2092 752 2156 purae
768 2071 898 2138 Doridis
916 2078 1077 2137 auotorem
1099 2077 1228 2155 poetam
1245 2089 1317 2136 esse

187 2170 348 2250 habiturn,
378 2191 443 2235 111
471 2169 551 2251 fugit
576 2171 663 2236 viros
685 2169 886 2235 doetissimos
916 2168 1035 2236 formas
1057 2169 1145 2251 apud
1168 2189 1240 2235 oum
1263 2187 1316 2233 ex-

188 2274 258 2332 tare
287 2265 420 2330 aliunde
447 2265 575 2348 petitas.
619 2267 711 2330 Idem
739 2265 811 2344 ille,
846 2285 940 2347 quem
974 2276 1071 2348 supra
1101 2266 1316 2346 laudavimus,

189 2363 381 2446 Apollonius
404 2361 444 2426 de
467 2362 629 2446 digammo
651 2363 848 2445 pronominis
871 2381 956 2444 poss.
979 2367 1051 2426 tert.
1074 2381 1158 2444 pers.
1181 2368 1317 2427 testatus

189 2459 243 2538 (de
257 2479 348 2543 pron.
360 2479 391 2541 p.
404 2460 474 2535 136)
491 2458 549 2522 nol
561 2449 719 2540 Ἀλκμὰν,
734 2457 847 2538 inquit,
864 2462 1010 2536 συνεχῶς
1022 2454 1197 2536 Α1111ζων
1214 2461 1316 2543 φησί·

149 2621 154 2628 ,
189 2557 231 2622 τὰ
253 2555 298 2622 κὰ
320 2552 438 2621 κάδεα.
483 2557 603 2622 Dootus
628 2555 854 2638 grammaticus
876 2553 1044 2633 videlieet,
1075 2553 1130 2635 qui
1144 2540 1317 2620 ι111111111

190 2654 331 2719 omnium
362 2671 468 2719 errore
495 2652 664 2718 tenebatur
687 2652 851 2717 Aeolioam
875 2669 946 2724 esse
968 2651 1052 2715 hano
1074 2651 1217 2733 literam,
1246 2670 1318 2715 oum

190 2770 262 2816 eam
285 2749 371 2833 apud
394 2751 556 2815 Laoouem
579 2749 749 2832 reperiret,
772 2767 902 2814 oausam
925 2766 965 2812 ex
989 2747 1086 2813 totius
1108 2748 1239 2815 dialeoti
1260 2747 1318 2813 ha·

85 2935 86 2940 1
191 2839 260 2914 bitu
281 2846 420 2930 repetiit,
443 2867 526 2929 quae
547 2848 629 2913 alios
651 2865 777 2929 quoque
799 2845 969 2911 aeolisrnos
992 2845 1168 2911 exhiberet.
1206 2846 1319 2928 Neque

190 2946 233 3012 ad
262 2944 415 3028 digammi
444 2964 536 3010 usum
566 2941 786 3010 tantummodo
816 2941 1018 3012 referendum
1047 2950 1098 3008 est
1125 2941 1208 3007 illud
1232 2943 1322 3026 judi:
1442 2947 1445 2954 '

190 3044 290 3124 oium,
323 3041 439 3124 quod
431 3063 464 3106 11
489 3042 727 3154 exemplaribus
748 3039 913 3105 Alemanis
934 3039 1123 3135 Apollonii
1122 2965 1247 3105 aetuttoJ
1252 3059 1318 3105 non

190 3149 255 3205 tam
285 3140 397 3218 erebro
425 3141 574 3219 extabat,
607 3146 641 3204 ut
664 3139 703 3227 'ei
733 3141 879 3216 συνεχῶς
908 3133 1016 3199 Atell
1004 3135 1087 3215 1ζειν
1113 3109 1193 3203 inde
1221 3136 1319 3202 tribui

192 3242 308 3319 posset.
353 3237 395 3299 At
423 3236 508 3301 hano
529 3236 569 3300 ob
592 3254 660 3300 rem
683 3241 768 3300 oerte
793 3251 888 3298 nemo
918 3239 1046 3315 poetam
1068 3241 1213 3300 nostrum
1236 3234 1319 3299 Aeo·

191 3332 276 3398 libus
297 3331 410 3398 merito
432 3332 577 3396 tribuere
592 3337 714 3412 potest,
744 3329 830 3412 quod
858 3330 886 3396 si
907 3331 1092 3397 Prisoianus
1113 3331 1217 3408 teoit⁰t
1246 3349 1318 3400 eum

193 3448 317 3496 errasse
348 3435 507 3512 putamus.
560 3427 643 3492 Nam
676 3446 746 3492 oum
779 3427 837 3492 ille
869 3428 1069 3494 subtiliorem
1103 3428 1318 3510 cognitionem

193 3526 386 3593 Graecarum
411 3525 620 3591 dialeotomm
648 3544 713 3589 non
741 3523 891 3590 habuisse
916 3524 1075 3606 videatur,
1105 3544 1168 3589 111
1196 3523 1316 3604 dubito,

262 3791 282 3856 ⁹)
308 3788 463 3843 Priscianus
480 3787 494 3840 1
517 3791 559 3841 16:
585 3783 762 3842 Inveniuntur
779 3787 860 3842 etiam
884 3802 935 3856 pro
957 3785 1045 3842 vocali
1062 3789 1188 3855 correpta
1208 3785 1261 3841 hoo
1278 3787 1318 3842 di-

193 3886 298 3942 gamma
315 3869 354 3924 illi
372 3870 398 3936 ti.
418 3883 441 3922 e.
460 3866 568 3932 Aeolus)
586 3867 638 3933 usi,
656 3872 688 3921 ut
705 3867 818 3922 Alcman
833 3870 884 3922 eto.
911 3867 925 3920 Ι
945 3873 973 3922 11
993 3866 1091 3921 Hiatus
1110 3881 1215 3936 quoque
1234 3883 1319 3924 rausa

195 3953 317 4006 solebant
334 3949 374 4004 illi
390 3950 564 4018 interponere
581 3947 715 4016 digamma
732 3966 757 4014 s,
780 3949 851 4015 quod
869 3946 1016 4003 ostendunt
1033 3947 1112 4003 etiam
1130 3952 1228 4016 poetae
1245 3947 1318 4003 Aeo-

194 4029 246 4086 lide
264 4032 315 4099 usi,
333 4030 448 4085 Alcman
467 4035 518 4084 eto.

1061 4115 1114 4166 22*
