3218 4934
269 426 329 488 120
474 499 481 512 ,
764 424 896 479 Beunack

266 617 356 664 cesse
378 602 427 663 est
447 617 579 680 graecas
607 597 725 662 formas
747 596 788 662 ab
810 595 927 662 italicis
951 595 1169 679 seiungamus,
1200 615 1392 678 quemquam

267 696 375 780 stirpis
397 695 576 760 communio
599 715 663 759 non
687 693 876 761 excluditur.

727 932 930 940 ———--—-—

269 1101 328 1167 XI.
373 1098 635 1182 Oolliguntur
668 1099 898 1182 peculiaria
928 1099 1123 1183 quaedam
1154 1099 1394 1184 inscriptio-

269 1219 356 1264 num
380 1216 691 1290 megaricorum,
718 1198 969 1280 argivarum,
999 1197 1308 1280 messeniarum,
1332 1218 1399 1264 ar·

713 1294 954 1361 cadicarum.

353 1428 464 1495 Edidit
501 1430 559 1496 has
596 1430 820 1514 inscriptiones
854 1431 1039 1497 Foucartius
1075 1429 1109 1494 in
1144 1429 1227 1494 libro
1261 1430 1314 1513 qui
1348 1431 1396 1494 in·

270 1528 431 1595 scribitur:

423 1637 491 1716 ,Le
520 1623 582 1703 Bas
611 1644 643 1704 et
666 1636 902 1719 Waddington,
933 1657 1059 1722 voyage
1088 1636 1334 1720 archtologique
1356 1657 1397 1703 en

423 1734 525 1801 Grece
546 1741 580 1801 et
603 1756 642 1802 en
665 1735 743 1801 Asie
764 1735 916 1800 Mineure.
958 1735 1161 1818 Explication
1185 1734 1242 1800 des
1264 1733 1397 1818 inserip-

423 1831 508 1898 tions
532 1851 686 1915 grecques
716 1837 748 1897 et
777 1831 925 1896 latinos.“
969 1832 1146 1899 Deuxieme
1175 1832 1294 1916 partic:
1332 1833 1397 1898 Me-

424 1929 537 2012 garide
561 1936 592 1995 et
612 1929 846 2012 Peloponneso.

270 2044 392 2110 Multae
426 2049 458 2109 ct
489 2044 568 2125 satis
602 2043 827 2108 memorabiles
859 2043 1022 2110 civitatum
1055 2043 1397 2128 peloponnesiacarnm

270 2139 510 2224 inscriptiones,
534 2140 657 2225 partim
672 2140 920 2223 antiquioribus,
943 2141 1040 2206 immo
1063 2138 1222 2224 quaedam
1245 2141 1398 2223 antiquis-

271 2239 377 2318 simis,
410 2237 525 2320 partim
559 2237 788 2304 recentioribus
817 2238 1012 2322 temporibus
1040 2239 1236 2322 insculptae,
1272 2240 1305 2303 in
1324 2225 1426 2303 'hac‘

271 2335 399 2420 sylloge
420 2341 478 2400 aut
503 2341 593 2400 textu
616 2336 786 2402 emendato
815 2335 928 2401 iterum
958 2334 1095 2402 eduntur
1122 2343 1178 2400 aut
1206 2336 1342 2419 primum
1364 2335 1397 2400 in

271 2433 411 2500 medium
440 2433 642 2516 preferuntur
663 2441 759 2514 atque
787 2433 1023 2499 commentariis
1045 2433 1166 2499 additis
1187 2433 1397 2498 illustrantur.

271 2532 376 2615 Atque
398 2529 595 2612 intellegitur
617 2551 657 2596 ex
674 2531 741 2612 eis,
771 2529 849 2597 inde
873 2532 914 2597 ab
944 2531 1036 2597 tertio
1059 2533 1187 2599 saeculo
1211 2536 1287 2596 ante
1310 2529 1399 2596 Chri-

271 2638 354 2696 stum
370 2634 488 2694 natum
517 2629 635 2694 sensim
664 2635 731 2693 tota
753 2628 977 2713 Peloponneso
1000 2630 1166 2712 vulgarem
1190 2628 1342 2694 Doridem
1362 2628 1397 2698 in

270 2747 362 2794 usum
385 2727 530 2806 venisse,
553 2727 599 2790 ita
620 2734 744 2809 tamen,
771 2733 806 2791 ut
827 2727 901 2808 illa,
926 2746 1008 2808 quae
1031 2728 1162 2811 propria
1184 2733 1276 2792 erant
1298 2725 1396 2790 diale-

272 2832 392 2890 ctorum
415 2823 626 2904 singularum,
650 2825 839 2906 plerumque
861 2823 989 2904 quidem
1013 2832 1257 2905 evanescerent,
1285 2822 1398 2889 sedin

272 2921 382 3005 paucis
405 2917 595 3002 quibusdam
617 2919 712 2983 rebus
735 2939 775 2984 ex
796 2912 922 3000 vulgari
946 2920 1082 3003 Doride,
1107 2941 1202 3003 quam
1225 2921 1268 2986 ad
1290 2922 1399 2986 inscri-

273 3020 399 3102 ptiones
415 3013 629 3080 conficiendas
644 3015 869 3097 adhibuerunt,
886 3017 977 3098 quasi
992 3019 1199 3101 pellucerent,
1217 3039 1288 3082 oum
1305 3019 1397 3102 plebe

274 3114 392 3179 diutius
414 3113 447 3176 in
468 3113 622 3179 maiorum
645 3113 757 3196 lingua
778 3121 1008 3197 perseveraret.
1046 3117 1237 3182 Laconicam
1260 3116 1399 3181 maxime

274 3212 446 3277 dialectum
468 3229 568 3294 usque
590 3210 632 3276 ad
653 3211 872 3278 recentissima
887 3206 1031 3294 tempora
1053 3201 1268 3296 permansisse
1290 3215 1399 3296 itaque

271 3309 395 3392 antiqui
418 3316 449 3376 et
471 3309 586 3374 sinceri
608 3309 763 3374 sermonis
789 3309 924 3374 laconici
946 3310 1100 3392 reliquias
1122 3310 1278 3392 quasdam
1302 3312 1399 3377 ctiam

272 3409 306 3473 in
335 3407 467 3473 ultimae
495 3406 679 3489 graecitatis
709 3405 969 3490 inscriptionibus
998 3415 1141 3473 servatas
1170 3425 1256 3488 esse,
1291 3407 1399 3490 quam-

273 3526 368 3590 quem
402 3505 549 3570 Dorismo
585 3503 711 3586 vulgari
744 3503 890 3568 Lacones
925 3504 1053 3587 publice
1085 3505 1267 3586 utebantur,
1304 3506 1399 3570 certis

273 3603 464 3688 quibusdam
486 3599 689 3683 argumentis
704 3606 810 3683 potest
832 3599 1054 3667 demonstrari.
1098 3601 1270 3670 simillima
1291 3608 1397 3668 autem

273 3702 355 3768 ratio
378 3701 411 3764 in
434 3697 553 3780 argivis
575 3696 836 3781 inscriptionibus
858 3700 1006 3764 cernitur.

360 3917 384 3981 Ι.
439 3915 625 3982 Foucartius
660 3916 785 3983 initium
823 3919 909 4002 capit
944 3919 987 3985 ab
1023 3919 1284 4002 inscriptionibus
1324 3892 1412 3996 mel-⁸

274 4013 652 4099 gericistn0.1—88,
684 4037 714 4099 p.
742 4018 866 4093 1-42).
