3226 4948
310 470 372 532 382
577 473 682 543 Spiess:
704 473 746 530 De
763 472 902 528 Alemanis
920 478 1018 542 poetae
1035 471 1159 527 dialecto.

308 651 469 728 τέτρατος
491 653 524 712 et
544 650 704 727 τέταρτος
733 645 870 712 invicem
892 652 1055 730 usurpata.
1099 645 1172 710 Neu
1194 645 1299 710 minus
1321 640 1436 729 ὄρνεις

309 743 522 826 eenspieimus
551 765 609 828 pre
632 739 778 827 ὅρνιχες,
810 743 885 827 quia
906 742 994 826 apud
1016 743 1189 810 Homerum
1213 750 1244 809 et
1267 737 1378 825 ὄρνεις
1402 749 1436 808 et

310 837 451 925 ὄρνιθες
472 842 682 925 reperiuntur.
727 841 914 924 Colligimus
936 861 977 907 ex
998 841 1049 906 his
1071 841 1245 923 exemplis,
1275 860 1316 906 ea
1337 840 1435 924 potis·

309 941 424 1007 simum
446 940 640 1006 Alemanem'
664 958 705 1004 ex
734 939 826 1022 epiea
854 937 990 1004 dialecto
1016 937 1206 1021 arripuisse,
1232 937 1329 1020 juxta
1349 956 1436 1019 qnae

310 1037 506 1120 antiquiores
532 1035 654 1103 formae
683 1036 854 1118 extabant,
884 1053 967 1119 quae
996 1054 1038 1100 ne
1065 1055 1086 1100 a
1113 1034 1274 1102 Laeeniea
1302 1033 1435 1117 quidem

311 1136 448 1201 dialecto
471 1141 563 1201 erant
583 1135 722 1200 alienae.
882 1193 885 1198 ,

395 1237 507 1315 apro
537 1254 559 1296 σ
585 1232 618 1297 in
646 1251 770 1316 papyro
799 1250 864 1294 nen
893 1230 1026 1314 legitur3
1060 1230 1252 1312 optimorum
1279 1229 1435 1295 librorum

310 1336 428 1396 statum
457 1349 517 1395 nes
545 1329 744 1396 restituturos
773 1347 844 1394 esse
872 1335 950 1411 puto
978 1328 1012 1393 in
1037 1327 1077 1393 iis
1099 1327 1225 1409 formis,
1256 1326 1437 1409 dequibus

311 1428 456 1511 quaestio
479 1428 607 1494 omnino
630 1448 701 1495 esse
723 1433 844 1510 potest,
875 1425 994 1508 ubique
1015 1425 1106 1490 illam
1128 1426 1254 1492 literam
1278 1425 1436 1503 delentes,
1512 1411 1515 1420 ’

311 1545 503 1609 quamquam
527 1526 647 1608 dubito,
670 1546 746 1590 num
769 1524 812 1589 ad
831 1543 940 1590 veram
956 1523 1113 1589 rationem
1128 1524 1209 1606 *ideo
1232 1521 1362 1606 propius
1384 1539 1436 1586 ae·

311 1624 472 1690 cedemus.
504 1624 675 1706 Digamma
689 1622 826 1688 saltasse
847 1628 973 1688 veteres
995 1622 1196 1706 grammatici
1218 1641 1283 1686 non
1306 1619 1437 1701 saepius

311 1723 468 1804 legerunt,
491 1740 588 1803 quam
609 1721 643 1784 in
665 1721 782 1786 nostris
797 1719 1034 1802 exemplaribus
1050 1725 1148 1799 extat,
1172 1717 1230 1785 sed
1246 1719 1435 1782 Alemanem

311 1819 395 1885 hane
417 1819 544 1885 literam
566 1818 670 1901 magis
691 1817 911 1899 frequentasse
926 1817 1107 1882 Laeonieae
1119 1815 1257 1882 dialecti
1278 1814 1366 1897 leges
1388 1832 1437 1879 se·

311 1923 417 1983 cutum
439 1935 626 2000 persuasum
648 1915 762 1981 habeo.
1367 1921 1371 1930 '

396 2013 546 2079 Editores
568 2013 601 2077 in
623 2011 785 2078 mutandis
806 2011 993 2094 vulgaribus
1013 2010 1123 2076 formis
1145 2019 1269 2077 summa
1288 2007 1437 2074 eautiene

311 2111 362 2176 usi
382 2115 474 2192 sunt3
504 2108 590 2193 quod
618 2129 689 2174 eum
712 2109 827 2174 melius
856 2109 897 2175 sit
926 2128 1020 2191 quam
1050 2128 1151 2191 prava
1180 2099 1351 2174 sedulitate
1380 2124 1437 2171 eas

312 2227 424 2274 omnes
446 2206 488 2272 ad
511 2208 702 2272 Laeenieam
725 2206 900 2271 dialectum
927 2225 1093 2287 rereeare,
1121 2212 1231 2270 tamen
1260 2223 1372 2270 vereor
1394 2219 1437 2266 ne

312 2305 407 2370 nimis
441 2303 632 2387 eenjerturis
669 2304 899 2386 abstinuerint3
937 2323 979 2370 ne
1011 2303 1145 2398 Bergkii
1178 2301 1306 2388 quidem
1341 2297 1439 2365 tertia

313 2401 411 2469 editio
434 2403 550 2469 nostris
573 2401 741 2469 desideriis
763 2403 842 2469 satis
864 2402 947 2468 feeit.
