3208 4928
518 462 561 519 De
579 462 717 518 Alouanis
735 467 833 532 poetae
850 464 975 522 dialecto.
1249 463 1312 528 343

183 643 236 705 34.
262 642 293 722 1;
323 641 374 703 76.
399 641 417 702 3
444 633 553 717 reond
576 639 627 700 42.
651 639 701 701 33.
731 673 773 684 -
803 633 845 700 κὰ
867 634 929 702 κᾶν
953 638 1070 705 Dorioa
1091 638 1193 707 forma
1215 644 1312 725 parti·

182 736 276 802 eulae
306 735 343 800 κὲ
368 735 435 813 ado,
465 754 561 817 qnam
590 733 767 800 amiserunt
789 733 902 816 Attici,
933 735 1015 803 latet
1041 737 1074 801 in
1104 731 1207 803 ὅκκα
1236 740 1256 806 i.
1281 761 1309 807 e.

182 829 247 898 ὅκα
271 856 313 898 κα
335 827 539 897 =dnoo1¹a
563 835 603 897 93
627 831 666 896 of.
690 831 767 898 thr.
791 831 821 897 d.
845 831 877 898 d.
899 833 939 898 D.
962 854 993 917 p.
1017 837 1089 900 383.
1118 871 1160 884 -·
1187 834 1307 924 τράφω

180 931 269 1014 opud
293 929 466 996 Pindarum
495 929 666 1012 aliquoties
695 930 867 1014 reperitur3
897 930 951 1013 qui
979 950 1049 997 oum
1079 933 1308 1003 reeonditiores
1387 979 1391 984 ·

181 1027 301 1095 formas
320 1027 477 1112 repudiet,
501 1027 586 1092 omni
603 1027 716 1094 Doridi
732 1028 792 1094 hoo
807 1047 973 1094 commune
988 1047 1060 1096 esse
1074 1030 1210 1099 videtur.
1241 1033 1307 1100 Sed

180 1132 271 1193 extat
292 1126 380 1209 apud
400 1132 544 1192 nostrum
567 1132 695 1211 poetam
718 1125 768 1190 bis
789 1126 932 1208 vulgaris
953 1125 1055 1191 forma
1076 1135 1225 1214 τρέφει
1247 1133 1306 1214 48;

182 1227 233 1290 60.
257 1228 287 1290 3.
319 1259 362 1271 -
395 1221 522 1303 ἐπίαζ
529 1247 544 1289 ε
575 1241 701 1305 quoque
728 1223 778 1301 (ir.
802 1227 855 1300 44)
886 1223 938 1288 hio
967 1223 1082 1306 affero,
1112 1246 1304 1310 quamquam

181 1322 288 1388 neseio
318 1341 361 1387 an
389 1323 488 1387 aliam
514 1321 670 1387 rationem
692 1326 851 1401 sequatur.
897 1322 947 1386 De
968 1339 1007 1386 eo
1030 1320 1147 1388 Herod.
1170 1348 1207 1389 π.
1230 1349 1303 1406 μοι.

179 1419 303 1500 λέξεως
330 1440 362 1504 p.
387 1425 438 1502 44,
471 1423 509 1483 10
539 1423 689 1484 testatur:
723 1417 817 1500 παρὰ
838 1413 995 1499 Ἀλκμᾶνι
1025 1417 1082 1484 διὰ
1109 1427 1169 1486 τοῦ
1200 1445 1231 1486 α.
1265 1425 1303 1488 ei.

179 1515 280 1582 Curtii
303 1516 398 1584 Verb.
421 1518 437 1583 l
460 1519 532 1582 345.
552 1551 607 1573 .—
640 1514 831 1597 lneertiora,
861 1522 896 1580 ut
917 1515 1064 1582 Muelleri
1086 1517 1304 1602 oonjeoturam

177 1613 216 1678 fr.
243 1619 302 1678 145
326 1613 568 1701 φρασίὸορκαα,
594 1612 891 1696 praetermittimue3
919 1612 997 1680 item
1020 1613 1061 1680 de
1082 1634 1215 1698 quorum
1239 1617 1302 1683 Do-

177 1711 244 1777 rioa
266 1713 454 1778 sermonen
477 1709 582 1778 edooti
604 1730 722 1791 snmus,
745 1716 781 1775 ut
803 1709 938 1793 ἱέρακος
960 1710 998 1776 lr.
1022 1715 1072 1778 28.

263 1811 307 1877 Ut
334 1834 356 1872 α
385 1830 443 1892 pro
466 1809 550 1874 rita
578 1832 613 1873 αι
643 1828 701 1892 pro
724 1831 756 1873 ει
777 1807 811 1872 in
834 1808 1026 1890 quibusdam
1054 1810 1187 1877 voeibue
1215 1813 1302 1896 apud

176 1907 351 1973 Dorienses
379 1913 528 1992 apparet,
563 1926 581 1972 o
609 1906 724 1987 quibus
752 1905 815 1971 hae
844 1905 877 1971 in
906 1906 1071 1972 Alomanis
1098 1907 1301 1991 fragmentis:

174 2003 234 2082 αἰ,
268 2005 310 2071 de
336 2025 400 2087 qua
428 2005 530 2071 forma
558 2010 592 2069 ut
621 2003 737 2068 Dorioa
770 2021 867 2086 saepe
899 2008 1059 2070 testantur
1091 2009 1300 2089 grammatioi,

173 2123 270 2186 quam
292 2103 326 2167 in
348 2103 436 2187 puris
452 2101 589 2167 Doridis
611 2100 752 2166 fontibus
773 2119 899 2184 semper
921 2102 1133 2185 oonspioimus
1156 2103 1207 2178 (oi.
1223 2105 1315 2171 Abn'

175 2201 206 2265 d.
222 2199 253 2264 d.
270 2201 309 2265 D.
327 2203 411 2281 380),
435 2207 483 2265 ter
504 2200 620 2282 legitur
641 2198 679 2267 fr.
700 2197 836 2280 293‘773
862 2200 913 2264 83.
935 2235 977 2247 -
999 2205 1191 2283 κυπαίρω
1214 2210 1300 2270 reete

97 2329 101 2339 ·
173 2315 232 2379 pro
255 2295 398 2361 oodi‘eum
419 2296 559 2361 leotione
581 2299 717 2378 κυαέρω
740 2294 888 2377 seriptum
910 2303 958 2361 est
972 2296 1008 2361 ir.
1029 2301 1077 2363 18.
1110 2299 1299 2366 Alemanem

173 2413 215 2459 ea
248 2413 339 2458 usum
374 2411 446 2458 esse
479 2391 572 2458 dooet
604 2390 789 2456 Eustatbius
825 2394 916 2456 1648.
951 2399 981 2456 5.
1026 2400 1297 2477 avnarplaror

163 2490 210 2566 ⁴ir.
235 2492 275 2555 38
298 2484 381 2556 unus
402 2490 504 2554 oodex
533 2488 675 2571 praebet.
709 2523 750 2533 -
785 2482 916 2570 ὄνειρον
944 2507 1055 2566 vooem
1085 2491 1172 2572 apud
1196 2492 1298 2560 Dores

172 2583 311 2670 ὅναιροι
340 2587 485 2653 sonuisse
511 2604 530 2650 e
558 2585 659 2650 forma
688 2579 769 2667 ὄναρ
799 2584 914 2667 oonjioi
947 2592 1054 2668 potest
1083 2593 1115 2651 et
1146 2588 1299 2671 probatur

171 2686 282 2768 glossa
303 2685 526 2769 Hesychiana:
548 2678 703 2776 ἄιαιρον·
728 2677 870 2765 ὄνειρον,
894 2686 1035 2767 Κρῆτες.
1074 2682 1139 2751 Sed
1161 2685 1298 2768 legimus

172 2779 341 2866 ὄνειρον
362 2781 400 2846 11.
423 2786 480 2864 61;
503 2775 693 2844 ΔΝΘΙΡΩΝ
716 2799 792 2863 pap.
816 2782 846 2843 2.
872 2783 920 2842 15.

257 2881 356 2945 Multo
379 2878 475 2945 latiur
501 2884 591 2961 patet
612 2878 731 2960 longae
753 2901 775 2941 α
797 2897 854 2960 pro
877 2901 896 2962 η
921 2895 996 2942 usus
1019 2875 1154 2944 Dorious
1169 2885 1209 2944 et
1230 2899 1296 2945 non

169 2979 273 3045 solum
295 2979 328 3043 in
352 2976 504 3060 stirpibus
526 2974 735 3058 quibusdam,
759 2973 935 3040 sedetiam
958 2973 991 3038 iu
1018 2974 1296 3044 terminationibus

169 3075 372 3159 oonspioitur‚
395 3093 459 3156 qua
480 3092 516 3139 re
537 3071 632 3138 oertis
654 3070 769 3138 finibus
786 3070 1000 3137 oiroumseribi
1023 3078 1138 3153 potest.
1168 3072 1295 3142 Primae

169 3192 253 3256 qnae
275 3173 389 3238 dieitur
404 3169 628 3236 declinationis
643 3189 735 3236 oenus
751 3169 874 3234 numeri
889 3169 1062 3251 singularis
1081 3170 1165 3234 eirea
1186 3170 1295 3237 trioies

168 3270 203 3335 in
230 3287 354 3352 papyro
382 3267 539 3348 totiesque
567 3266 600 3331 iu
630 3266 761 3348 reliquis
794 3266 981 3349 fragmentis
1013 3267 1158 3331 vooalem
1187 3289 1209 3330 α
1239 3286 1293 3332 ex·

168 3367 290 3433 hibent.
335 3389 355 3450 η
379 3363 549 3447 praebent:
579 3356 598 3449 ἦ
622 3361 659 3428 fr.
683 3366 700 3425 7
724 3363 784 3444 bis,
807 3359 963 3449 ἀνάγκη
988 3365 1023 3428 ir.
1049 3366 1100 3444 81,
1124 3359 1291 3450 ἀδελφή

168 3464 205 3529 ir.
236 3466 292 3543 62,
326 3480 410 3544 qnae
443 3459 582 3526 editores
614 3467 784 3527 mutarunt.
835 3461 873 3526 In
906 3460 1104 3526 hexametris
1136 3462 1293 3542 reperitur

168 3559 310 3644 vulgaris
329 3559 430 3624 forma
448 3562 586 3642 Κίρκη
610 3557 646 3622 ir.
664 3561 700 3621 41
727 3564 758 3623 et
781 3559 872 3640 epita
894 3561 1153 3641 βωτιανείρῃ
1178 3557 1215 3622 fr.
1239 3563 1289 3642 40,

116 3647 120 3654 “
166 3677 300 3741 quarum
328 3656 466 3740 priorem
489 3655 597 3737 Bergk
619 3653 661 3719 ad
684 3654 813 3720 Doridis
839 3655 982 3720 indolem
1005 3652 1177 3719 revooavit.
1222 3654 1291 3722 Huo

166 3756 329 3840 pertinent
357 3754 452 3820 etiam
482 3751 637 3818 adverbia
658 3751 754 3835 vulgo
776 3752 810 3815 in
833 3751 912 3837 -dpv
934 3750 1094 3818 exeuntia.
1139 3751 1290 3835 Legimus

166 3849 413 3941 διαφράόαν
435 3871 510 3935 pap.
529 3853 558 3914 2.
581 3853 633 3932 22,
653 3843 759 3914 ’ἄδαν
781 3848 819 3913 ir.
836 3852 887 3914 36.
910 3883 951 3896 ·-
974 3849 1082 3916 Verba
1103 3848 1145 3914 ab
1168 3872 1190 3913 α
1211 3851 1291 3916 inei·

165 3952 304 4035 pientia,
333 3969 464 4032 quorum
488 3948 621 4014 initialis
649 3948 744 4014 litera
767 3953 939 4029 augmento
962 3947 1015 4013 vel
1036 3944 1290 4030 reduplieatione

143 4048 323 4132 ‚produota
344 4055 409 4130 est,
439 4047 520 4112 haee
542 4051 670 4111 extant:
708 4040 921 4129 ἁρμόξατο
944 4043 981 4108 fr.
1004 4046 1062 4132 11,
1096 4039 1289 4128 quamquam
