3208 4928
283 1335 354 1415 Quo
376 1337 477 1402 maior
498 1337 532 1402 in
555 1336 698 1419 singulos
720 1356 823 1402 annos
846 1337 976 1421 egregia
996 1338 1137 1402 virorum
1160 1338 1323 1406 doctorum

199 1454 299 1518 opera
325 1435 569 1517 inscriptionum
599 1453 692 1517 seges
722 1453 740 1499 e
771 1433 927 1502 Graeciae
960 1435 1029 1500 solo
1061 1437 1248 1518 procrescit,
1284 1456 1324 1502 eo

198 1533 301 1615 magis
328 1532 461 1614 linguae
488 1551 625 1616 graecae
654 1537 687 1597 et
713 1531 852 1614 origines
874 1538 907 1596 et
928 1532 1128 1599 incrementa
1150 1553 1190 1600 ex
1213 1554 1323 1600 earum

197 1630 380 1712 cognitione
395 1630 591 1712 explicanda
606 1649 677 1696 esse
690 1629 903 1713 intellegitur;
926 1649 1002 1695 nam
1020 1649 1090 1695 cum
1109 1632 1142 1696 in
1164 1633 1325 1700 servanda

196 1728 321 1811 priscae
348 1727 479 1810 linguae
506 1727 617 1794 indole
638 1747 849 1810 unaquaeque
871 1726 938 1794 lere
961 1726 1117 1794 dialectos
1138 1729 1269 1814 propria
1291 1737 1325 1796 et

195 1825 373 1909 peculiaria
395 1845 436 1891 ex
457 1845 583 1891 summa
604 1825 794 1907 antiquitate
816 1825 985 1908 acceperit,
1008 1825 1070 1891 nisi
1088 1827 1236 1893 omnibus
1254 1827 1324 1892 uni·

195 1923 280 1988 versi
312 1924 420 2005 graeci
453 1923 609 1990 sermonis
641 1921 850 1989 varietatibus
883 1929 916 1987 et
943 1923 1080 2005 cognitis
1110 1930 1142 1990 et
1173 1924 1257 1990 inter
1287 1944 1323 1991 se

137 2037 143 2043 ’
194 2021 387 2104 comparatis
408 2020 451 2086 ad
473 2027 615 2086 montem
636 2021 727 2085 illurn
749 2019 883 2087 ascendi
904 2039 970 2084 non
992 2026 1113 2104 potest,
1144 2021 1232 2088 unde
1258 2022 1321 2105 pri·

194 2139 265 2185 mus
297 2119 352 2183 ille
385 2138 522 2202 graecae
554 2119 686 2202 linguae
719 2124 821 2184 status
853 2117 1075 2202 prospiciatur.
1126 2119 1219 2185 Hane
1246 2140 1323 2185 vero

195 2218 281 2280 viam
297 2216 350 2298 qui
372 2216 559 2298 ingreditur,
582 2217 700 2282 multas
722 2237 872 2283 sonorum
892 2223 923 2283 et
938 2217 1111 2283 formarum
1125 2217 1322 2300 affectiones,

89 2309 93 2314 ’
195 2313 310 2394 quibus
326 2311 366 2392 ei,
390 2313 443 2394 qui
465 2334 562 2379 unam
586 2318 711 2397 spectat
729 2312 910 2395 dialectum,
934 2333 1052 2397 graeca
1074 2335 1145 2380 curn
1167 2316 1240 2380 aliis
1262 2316 1322 2380 lin·

195 2409 268 2492 guis
289 2408 395 2493 facere
416 2409 559 2492 videtur,
588 2410 673 2475 intra
694 2410 795 2493 ipsius
817 2411 925 2492 graeci
947 2412 1103 2476 sermonis
1125 2409 1205 2477 fines
1227 2418 1321 2478 natas

196 2525 268 2572 esse
282 2505 377 2572 facile
391 2513 572 2588 cognoscet.
595 2507 692 2572 Velut
706 2527 771 2571 non
787 2506 950 2573 dehebant
965 2509 1026 2573 viri
1041 2506 1126 2574 docti
1142 2507 1193 2583 (cs.
1200 2508 1320 2591 Bergk,

194 2604 314 2688 griech.
330 2603 461 2668 Literat.
484 2605 500 2668 Ι
524 2607 577 2681 60)
605 2604 703 2670 etiam
730 2609 840 2670 nostra
861 2605 1015 2670 memoria
1037 2609 1183 2688 repetere
1205 2605 1320 2670 mirum

193 2702 285 2766 illum
307 2709 339 2767 et
361 2701 537 2767 absurdum
559 2693 704 2768 veterum
726 2721 875 2783 errorem,
899 2722 963 2785 quo
976 2702 1133 2768 aeolioam
1149 2701 1322 2770 dialectum
1367 2741 1374 2755 ·

193 2799 325 2883 propius
358 2800 490 2882 reliquis
523 2800 565 2865 ad
594 2799 732 2864 latinam
761 2799 905 2882 linguam
935 2798 1090 2866 accedere
1118 2799 1321 2866 existimave-

192 2905 284 2981 runt;
313 2917 388 2962 nam
418 2917 501 2980 quae
523 2897 648 2963 aeolica
669 2896 734 2962 illis
757 2896 867 2964 latinis
889 2896 1007 2964 similia
1028 2896 1236 2980 videbantur,
1265 2903 1321 2963 aut

193 2995 379 3061 recentioris
412 3015 484 3061 esse
514 2995 646 3078 originis
674 3002 730 3060 aut
758 2993 874 3061 doricis
903 3015 1028 3077 quoque
1054 2994 1205 3061 dialectis
1237 3015 1321 3061 com-

142 3145 144 3149 .
193 3094 302 3157 munia
323 3093 379 3157 rix
401 3098 450 3159 est
472 3093 557 3175 quod
579 3112 738 3160 moneam.
885 3156 888 3163 .

278 3189 347 3253 lam
370 3208 446 3254 vero
468 3191 534 3255 alia
560 3210 600 3256 ex
628 3197 721 3274 parte
748 3188 869 3254 fructus
897 3208 938 3254 ex
968 3189 1177 3255 dialectorum
1206 3190 1320 3257 studiis

193 3285 395 3368 concipiendi
417 3293 500 3352 sunt.
546 3286 625 3352 Cum
648 3287 733 3352 enim
755 3285 957 3368 perspicuum
980 3288 1031 3368 sit,
1055 3287 1097 3353 de
1112 3287 1320 3355 dialectorum
1360 3289 1367 3296 “

192 3381 279 3448 idem
301 3382 410 3448 valere
432 3382 517 3465 quod
539 3383 581 3449 de
603 3384 747 3466 gentium
776 3383 860 3448 inter
882 3403 917 3450 se
939 3384 1126 3451 condicione
1149 3391 1182 3450 et
1204 3405 1320 3468 cogna·
1370 3447 1375 3453 .

192 3479 295 3558 tione,
326 3479 353 3543 si
376 3479 453 3561 quid
475 3480 517 3546 de
538 3480 604 3546 illis
627 3482 830 3564 exploratum
855 3481 1027 3562 habemns,
1058 3482 1100 3548 ad
1128 3481 1188 3548 has
1216 3487 1320 3548 trans·

191 3575 274 3642 ferre
302 3575 423 3642 licebit.
466 3577 514 3642 Ae
538 3578 565 3643 si
594 3580 793 3661 reputaveris
817 3577 857 3644 de
883 3578 998 3662 priscis
1024 3580 1092 3645 illis
1119 3579 1317 3663 temporibus

191 3679 248 3739 aut
277 3673 408 3740 omnino
436 3673 532 3740 silere
559 3673 712 3742 historiae
737 3683 945 3742 monumenta
966 3685 1022 3743 aut
1043 3677 1070 3743 si
1093 3696 1176 3759 quae
1198 3676 1319 3742 tradita

192 3779 280 3856 sunt,
303 3779 471 3858 poetarum
494 3776 525 3838 et
547 3772 769 3838 historicorum
791 3773 925 3855 fabulis,
955 3774 1130 3855 erroribus,
1160 3791 1318 3840 commen·

192 3871 233 3936 tis
255 3871 383 3955 penitus
399 3889 470 3936 esse
490 3869 685 3953 intermixta,
707 3870 838 3953 reliquis
860 3870 1012 3938 historiae
1034 3871 1174 3938 lontibus
1196 3871 1318 3938 obstru-

193 3969 252 4033 ctis
273 3987 347 4051 spee
370 3975 419 4035 est
441 3967 650 4034 dialectorum
671 3987 857 4051 graecarum
882 3969 967 4035 inter
982 3988 1024 4040 ,ee
1046 3969 1317 4052 comparationem

192 4065 315 4146 primae
330 4055 524 4132 Graecorum
539 4064 690 4132 historiae
705 4065 785 4131 lucis
799 4051 921 4149 alicuid
939 4084 1010 4132 esse
1028 4067 1209 4133 allaturam.
1245 4065 1318 4145 Qua

419 4198 421 4204 ,
1058 4171 1088 4220 Π
1097 4168 1112 4202 *
