3208 4928
460 463 636 532 Quaestiones
655 461 874 529 dialectologicae
891 475 1011 528 graecae.
1236 454 1297 516 319

261 639 296 713 b)
328 635 450 702 voculis
472 659 492 720 η
516 634 804 700 contractione
826 653 867 699 ex
890 641 994 711 ε-Ι-ε
1018 641 1096 700 nata
1118 638 1176 700 est.

266 737 294 810 1)
333 732 451 818 6ῆλος;
483 751 548 797 non
577 731 661 796 enim
689 731 727 798 G.
751 730 859 796 Curtio
886 734 1013 814 (etym.⁴
1041 734 1116 809 664)
1144 728 1300 797 assentior
1336 815 1339 822 Δ

179 833 281 918 δῆλος
309 829 467 914 prodiisse
489 849 530 896 ex
553 826 706 914 ὁιεηλος,
737 827 868 914 διηλος,
893 827 1009 914 6]ἠλος
1031 827 1202 908 iudicanti,
1229 846 1300 892 cum

178 931 416 997 demonstrasse
436 945 534 1009 supra
555 925 633 991 mihi
656 925 768 992 videor
789 925 878 1010 apud
894 927 1034 993 Graecos
1055 925 1204 992 suffixum
1222 923 1300 1010 -ηλο

178 1046 278 1111 purae
309 1023 409 1091 radici
441 1043 507 1088 non
539 1041 612 1089 esse
643 1021 789 1107 affixum3
825 1042 901 1089 nam
934 1023 1020 1106 quod
1052 1022 1110 1089 ille
1141 1021 1301 1089 adiectivo
1347 1099 1352 1108 ⁵

179 1123 299 1211 ἕκηλος
318 1124 378 1190 hac
392 1121 426 1186 in
441 1139 476 1186 re
490 1120 609 1203 nititur,
633 1119 729 1187 valde
746 1120 893 1187 dubitare
915 1121 999 1201 lieet,
1022 1119 1144 1186 vocalis
1160 1143 1180 1204 η
1196 1124 1301 1184 utrum

178 1242 249 1287 cum
265 1218 377 1287 suffixo
392 1239 434 1284 an
452 1238 523 1284 eum
538 1216 648 1284 radice
663 1218 713 1295 (cf.
726 1216 864 1305 ἕκ-η-τι,
882 1217 949 1284 dor.
965 1217 1119 1283 sia-doc
1133 1218 1235 1282 Alcm.
1248 1220 1301 1292 36)

177 1315 401 1399 coniungenda
423 1316 472 1382 sit.

264 1414 463 1497 Quamquam
482 1431 536 1478 ¹ne
563 1431 634 1477 cum
657 1412 839 1496 Brugmeno
868 1413 996 1497 quidem
1027 1414 1084 1492 (IV
1110 1415 1183 1489 147)
1210 1411 1302 1492 facio,

180 1514 233 1596 qui
255 1511 357 1596 ,δῆλος
374 1508 417 1576 ad
438 1506 615 1594 3λςἐεελος
637 1509 776 1594 reducit;
798 1530 840 1577 ex
860 1511 918 1576 lali
934 1511 1018 1578 enim
1042 1511 1143 1576 forma
1157 1510 1191 1574 in
1206 1509 1305 1576 attice

179 1611 317 1677 dialecto
339 1605 479 1683 *ἂεῖλος
494 1625 566 1676 ,non
590 1604 694 1692 δῆλος
716 1608 791 1672 oriri
814 1605 963 1676 debebat.¹
992 1608 1099 1688 Quare
1114 1607 1185 1674 sine
1207 1605 1304 1671 dubio

179 1705 384 1790 digammatis
407 1704 439 1767 vi
462 1710 539 1769 ante
561 1703 719 1770 vocalium
742 1706 992 1773 contractionem
1014 1704 1193 1792 3(3]ἐεελος
1221 1702 1304 1769 illud

181 1804 231 1883 (cf.
256 1801 385 1879 δέελος)
408 1798 722 1887 in*dj715elog(cf
746 1797 917 1888 εὐδήελος,
940 1803 1025 1886 quod
1054 1824 1112 1886 pro
1134 1799 1305 1878 ἐυδείελος

180 1906 268 1980 [ente
284 1899 450 1968 Euclidem
466 1896 632 1976 ἕοδεελος]
655 1898 859 1965 scribendum
874 1919 947 1968 esse
962 1901 1164 1984 Brugmanus
1178 1898 1306 1977 conicit)
1407 1977 1408 1980 Ἴ

181 2003 335 2064 mutatum
365 2015 438 2063 esse
466 1995 656 2062 sumendum
679 2004 736 2063 est
781 1995 895 2074 Δᾶλος
923 1998 1062 2080 denique
1089 2001 1157 2075 (alt.
1180 1994 1305 2115 Δῆλος)

183 2116 254 2162 cum
277 2097 459 2178 Brugmano
481 2092 524 2158 ad
546 2085 655 2179 Ajis-
639 2092 714 2171 -λος
736 2093 849 2161 refero.

267 2193 391 2258 Pariter
413 2191 499 2257 enim
522 2190 643 2273 duplex
669 2190 725 2257 illa
747 2192 864 2258 radicis
885 2191 937 2256 dio
959 2191 1031 2278 cly'ec
1053 2199 1087 2259 el
1108 2191 1182 2278 djoc
1205 2193 1307 2258 forma

183 2289 397 2373 conspicitur
389 2310 423 2352 ιιι
425 2285 535 2366 Ζεύς,
551 2288 610 2354 lac.
626 2285 725 2366 Δεύς,
744 2297 820 2354 eret.
835 2295 939 2375 Ζῆνα,
955 2293 1068 2376 Δῆοαο
1088 2297 1200 2376 Ττῆνα
1216 2293 1281 2369 (13)
1298 2313 1306 2354 ι

183 2385 263 2464 Ζάς,
293 2382 376 2463 Δάν,
407 2381 519 2460 Ζαοός
541 2390 600 2450 etc.
645 2383 751 2462 Quare
774 2392 843 2450 utut
865 2385 907 2452 de
928 2387 1008 2452 miro
1030 2387 1087 2450 illo
1108 2385 1308 2468 grammatici

183 2484 362 2548 loco'Ann.
386 2479 445 2547 Ox.
470 2481 613 2546 111237.
648 2484 703 2546 26:
739 2479 1019 2566 μεταγενέστεροι
1041 2479 1186 2557 Αἰολεῖς
1215 2479 1309 2564 ἔτρε-

186 2585 256 2664 ψαν
279 2576 391 2656 Ζαοός
413 2579 470 2644 καὶ
486 2575 557 2642 Ζάν
581 2576 633 2656 (cf.
649 2578 726 2643 nur.
749 2577 833 2655 187)
855 2579 1056 2661 iudicabitur,
1079 2586 1165 2645 certe
1187 2575 1307 2663 Ζηνός,

185 2680 272 2764 Ζηνί
293 2681 353 2743 etc.
376 2677 438 2762 ipsi
461 2675 574 2742 Doridi
596 2695 662 2742 non
683 2675 872 2759 abroganda
894 2684 977 2742 sunt.

271 2777 382 2852 lex
406 2772 628 2846 lubrnahuc
651 2774 867 2856 pertinet
933 2779 934 2784 ’

270 2861 322 2960 ἦρ.
352 2870 473 2987 Sapph
492 2873 542 2935 39.
565 2870 634 2936 Alc.
650 2875 701 2936 45.
726 2872 827 2937 Αλειιι.
850 2876 914 2956 frio
939 2876 988 2940 76
1019 2870 1110 2936 Pind
1133 2870 1168 2935 P.
1191 2870 1236 2934 IV
1258 2872 1308 2936 64

184 2971 297 3055 Epion.
320 2971 370 3034 29.
405 2955 447 3054 ἦρ
476 2968 561 3033 euim
590 2987 630 3033 ex
659 2965 778 3051 *,ἒοορ
808 2968 949 3053 *cccco
985 2970 1031 3034 lit.
1055 2965 1208 3032 coeor'eloi·
1236 2987 1310 3032 con·

184 3075 318 3134 tractum
342 3073 408 3134 est.
434 3065 473 3130 cl.
498 3064 625 3132 Curtius
647 3071 762 3151 etym.⁴
785 3069 856 3133 391.

614 3289 616 3297 ·
701 3253 793 3331 520.

271 3368 375 3451 Magis
397 3366 439 3432 de
460 3385 509 3448 eo,
532 3368 617 3449 quod
639 3368 791 3452 sequitur,
816 3368 964 3435 dubitare
984 3370 1068 3435 licet.
1102 3369 1213 3434 Plaeel
1234 3387 1310 3434 vero

187 3465 221 3530 in
244 3484 279 3531 re
301 3472 334 3532 et
355 3463 543 3529 difficillima
565 3471 597 3530 et
618 3465 826 3532 subtilissima
849 3486 959 3532 rursus
980 3487 1001 3532 a
1023 3466 1061 3532 G.
1082 3464 1182 3532 Curtii
1204 3465 1311 3532 verbis

188 3567 314 3648 (ιιλγιιι.4
337 3565 411 3641 576)
433 3559 600 3645 proficisci.
644 3562 739 3629 Dieil‘
752 3564 848 3646 igitur
869 3563 941 3629 ille:
964 3564 1247 3640 „Beachteuswert
1269 3562 1311 3628 ist

187 3679 231 3743 es,
256 3659 333 3725 desa
355 3658 436 3724 auch
460 3657 514 3725 die
536 3658 649 3725 Dorier
670 3658 822 3748 meistens
845 3660 903 3726 das
926 3685 945 3747 η
969 3661 1003 3726 in
1025 3659 1146 3728 diesem
1169 3660 1312 3725 Stomme

187 3753 277 3844 (ἥβα)
298 3756 484 3822 bewehren
530 3755 606 3822 Dies
634 3756 799 3838 geschiehl
827 3759 861 3823 in
889 3758 1018 3840 einigen
1039 3758 1164 3825 andern
1185 3757 1310 3840 Fiden,

186 3855 221 3920 in
252 3854 366 3920 denen.
389 3851 589 3919 entweder
581 3875 615 3918 m
642 3853 700 3920 der
728 3853 934 3922 Slammsilbe
960 3855 1062 3923 selbst
1087 3854 1311 3940 umprdnglich

188 3949 239 4017 eiu
263 3951 453 4035 Diphthoug
474 3950 532 4015 mit
555 3973 568 4014 ι
589 3950 695 4033 stand,
718 3950 825 4017 oder
816 3973 851 4016 m
874 3952 931 4064 der
952 3951 1124 4036 folgenden
1146 3953 1236 4020 Silbe
1258 3953 1311 4019 ein

188 4048 290 4114 esich
311 4048 427 4132 aeigtf‘
