3208 4928
486 479 665 548 Quaestiones
682 479 901 547 dialectologicae
918 493 1040 546 graecae.
1261 472 1323 534 273

137 695 139 699 -
198 649 393 731 referendas,
417 670 474 717 suo
496 651 564 716 iure
586 651 726 732 aliquem
750 669 844 733 posse
865 650 974 716 mirari
990 670 1052 740 nos
1066 669 1147 715 unos
1162 649 1259 731 Eleos
1282 649 1323 714 ab

197 748 259 812 hac
280 747 392 829 regula
414 748 589 833 excepisse.

283 844 377 923 Quod
399 864 470 911 cum
493 845 539 910 ita
561 844 616 924 sit,
640 864 705 909 non
727 843 818 910 nelos
842 843 919 910 duni
941 844 1093 911 hocloco
1115 844 1226 928 paullo
1250 844 1324 911 ube·

145 997 146 1002 ,
197 941 263 1008 rius
292 942 333 1008 de
361 942 580 1008 arcadicae
609 940 738 1007 dialecti
766 931 876 1007 indole
898 948 930 1007 et
952 961 1022 1007 cum
1046 943 1176 1024 reliquis
1198 961 1326 1025 compa·

200 1039 323 1106 ratione
357 1059 532 1124 exponere,
567 1059 639 1105 cum
671 1039 861 1123 praesertim·
888 1038 1032 1120 Golbhe‚
1067 1039 1123 1105 ille
1155 1038 1325 1105 arcadicae

199 1135 327 1202 dialecti
349 1137 574 1219 investigator,
605 1137 639 1203 in
670 1137 719 1203 his
742 1135 982 1219 quaestionibus
1007 1156 1073 1202 non
1096 1156 1149 1218 ea,
1180 1156 1245 1219 qua
1265 1157 1325 1220 par·

197 1233 273 1316 fuit,
301 1233 482 1300 'subtilitate
503 1240 648 1318 versatus
670 1234 720 1299 sit.
761 1235 874 1316 Neque
901 1253 996 1318 spero
1018 1253 1215 1316 quemqnam.
1231 1233 1325 1301 nobis

198 1331 322 1396 crimini
352 1351 424 1398 esse
447 1331 610 1413 daturum,
641 1331 726 1414 quod
747 1331 889 1415 ipsarum
912 1330 1119 1398 dialectorum
1142 1330 1325 1413 cognitione
1429 1417 1432 1422 Ι
1526 1403 1529 1408 ,

198 1427 260 1493 nisi
290 1434 432 1495 veterum
462 1428 503 1495 dc
533 1428 583 1494 his
616 1429 710 1516 rebus
743 1428 932 1496 traditiones
964 1428 1199 1497 examinandas
1231 1427 1325 1494 nobis

198 1545 431 1609 proponamus,
465 1525 492 1590 si
526 1523 654 1608 quidem
688 1546 779 1592 suum
813 1526 923 1593 lecerit
958 1527 1076 1592 dictum
1109 1525 1190 1590 illud
1223 1524 1324 1592 Giesii

197 1622 258 1688 viri
279 1623 487 1707 optimique
510 1629 634 1689 monet:
657 1624 777 1700 „Nicht
798 1624 831 1689 in
854 1625 917 1690 den
936 1625 1130 1706 Meinungsn
1154 1622 1211 1688 der
1226 1622 1323 1688 Alten

197 1719 305 1803 liegen
326 1721 378 1786 die
400 1720 560 1786 wahrhalt
583 1721 794 1788 historischen
810 1722 995 1804 Zeugnisse,
1019 1720 1161 1788 sondern
1183 1722 1217 1785 in
1238 1719 1325 1784 ihrer
1416 1773 1420 1780 .

196 1816 339 1900 Sprache
361 1819 493 1884 selbst.“
1304 1865 1306 1870 -
1376 1833 1379 1838 '

283 1915 376 1981 Viam
398 1923 507 1983 autem
530 1923 562 1982 et
582 1915 740 1981 rationem
761 1915 936 1998 quaerendi
959 1916 992 1980 in
1015 1933 1207 1998 unaquaque
1229 1914 1323 1980 huius

196 2011 323 2094 generis
348 2014 588 2097 comparatione
611 2033 706 2096 quam
729 2014 848 2096 optime
871 2014 909 2080 G.
934 2012 1116 2094 Curtius,
1145 2013 1195 2077 vir
1216 2013 1324 2078 claris·

196 2109 305 2191 simus,
329 2109 531 2193 significavit,
554 2132 625 2177 cum
646 2110 680 2176 in
703 2129 743 2176 ea
765 2110 991 2194 disputatione,
1014 2108 1066 2176 cui
1087 2129 1220 2200 nomen:
1243 2109 1325 2186 ,Be
1353 2136 1356 2141 ·

197 2208 397 2289 merkungen
425 2230 480 2273 nur
508 2208 626 2291 griech.
650 2208 904 2291 Dialectologie“
929 2207 1028 2287 (tht.
1051 2208 1113 2291 gel.
1137 2208 1215 2273 Anu.
1243 2209 1323 2272 1862

196 2323 227 2384 p.
251 2307 326 2381 488)
348 2304 519 2388 inscripsit,
543 2305 623 2371 haec
646 2307 746 2370 verba
767 2304 903 2371 faceret:
936 2305 1042 2382 „Wie
1063 2304 1134 2370 wir
1156 2324 1231 2370 von
1256 2304 1325 2370 der

126 2435 129 2449 ·
196 2400 488 2481 griechischen
525 2393 930 2485 Sprachg'estaltung
971 2422 1039 2465 nur
1075 2401 1325 2483 graeco-ita·

196 2495 378 2578 lischen,
417 2516 495 2586 uon
532 2497 581 2562 da
617 2498 767 2564 wieder
803 2518 869 2561 zur
904 2496 1324 2580 indogermanischen

197 2591 450 2675 aulsteigen,
481 2615 523 2659 so
550 2594 629 2676 g'ilt
652 2614 693 2660 es
716 2594 790 2660 dan
812 2595 1019 2674 Versuch,
1041 2595 1086 2659 cb
1109 2595 1180 2660 wir
1209 2593 1324 2658 nicht

196 2711 274 2755 von
313 2688 388 2755 den
424 2690 649 2756 scheinbar
684 2691 875 2774 ziemlich
913 2690 1157 2774 disparaten
1194 2692 1320 2756 Laut·

196 2787 394 2868 gebilden
428 2787 504 2854 ‘der
536 2788 723 2872 Lesbier,
761 2788 956 2854 Boeotier
990 2787 1069 2852 und
1100 2787 1324 2854 Thessaler

195 2906 240 2948 zu
262 2885 394 2951 einem
416 2885 657 2967 primitiven
686 2887 784 2952 oder
808 2885 1089 2959 Uraeolismus
1117 2885 1322 2968 gelangen

195 2984 377 3063 konnen,
409 2983 587 3050 welcher
615 2983 997 3050 mutmasslich'den
1019 2983 1323 3066 gemeinsamen

195 3082 545 3162 Ansgangspunct
567 3080 630 3146 lttr
651 3082 736 3148 alle
758 3081 922 3163 Zweigc
944 3079 1134 3146 bildete.“

280 3178 338 3242 His
361 3177 568 3258 praemonitis
590 3177 633 3243 ad
655 3198 722 3245 rem
745 3180 849 3261 ipsam
871 3177 1085 3260 pervenimus.

736 3342 776 3409 A.

282 3462 307 3526 Ι.
340 3463 387 3528 Ac
415 3463 553 3547 primum
582 3465 662 3530 haec
688 3465 916 3533 Arcadibus
944 3486 1015 3532 cum
1046 3467 1321 3533 Doriensibns

195 3558 378 3624 communia
395 3559 524 3626 suerunt
538 3569 593 3627 aut
608 3581 679 3627 cum
702 3562 886 3629 omnibus
907 3571 963 3630 aut
977 3583 1049 3630 cum
1071 3563 1320 3647 quibusdam.

283 3662 311 3721 1.
341 3655 576 3740 παρετάξωνσι
598 3664 661 3741 teg.
677 3662 734 3724 28:
763 3658 942 3744 παρετάζω
966 3662 1004 3728 cf.
1021 3662 1147 3729 Ahrsns
1168 3662 1202 3726 Il
1225 3664 1245 3742 ξ
1271 3664 1321 3724 11.

113 3829 115 3832 ,
196 3754 583 3841 contumellam.
1060 3779 1061 3782 ¹

142 3899 144 3903 ,
255 3852 310 3915 ’2.
336 3850 452 3916 diacos
467 3852 550 3936 conj.
570 3860 636 3934 teg.
654 3858 701 3919 10.
739 3850 995 3919 ἓπισυνίστατοι
1010 3861 1073 3937 teg.
1093 3858 1141 3921 16.
1172 3856 1323 3939 exempla

194 3955 325 4015 ,exstant
352 3949 387 4014 in
409 3947 555 4016 dialectis
578 3944 822 4032 Messeniorum,
854 3950 1070 4034 Cretensium,
1101 3951 1230 4035 Onossi,
1263 3951 1324 4018 Oa·

94 4040 95 4044 ’
147 4059 162 4064 ·’
197 4047 339 4129 lymniae
362 4046 401 4112 el.
417 4045 543 4114 Curtius
565 4047 653 4113 verb.
668 4047 701 4112 Π
723 4051 772 4112 66.

250 4145 351 4187 Cunrrus
365 4158 386 4187 n.
399 4147 523 4197 Baculus,
541 4147 635 4189 Studien
647 4148 672 4188 X.
932 4186 934 4198 .
1086 4153 1116 4202 18
