3226 4948
512 501 516 512 ·
539 482 581 536 De
599 481 737 537 Alcmenis
755 484 853 551 poetae
870 480 996 536 dialecto.
1271 481 1328 543 371

208 657 341 737 dignum
365 664 430 734 est,
460 654 660 736 grammatici
682 654 884 740 praecipiunt
911 655 973 720 hac
994 654 1096 720 torma
1125 663 1252 740 poetam
1274 665 1334 742 'pro

208 755 355 819 vocativo
377 773 468 819 usum
485 772 565 818 esse.
595 750 667 830 Qua
683 753 723 818 de
737 771 773 818 re
794 752 855 818 viri
878 752 962 819 docti
986 752 1228 820 dissentiebant.
1259 756 1333 821 Non

207 853 277 916 vult
299 850 394 916 fidem
416 851 556 916 tribuere
578 848 651 914 huic
669 849 851 916 testimonio
867 849 1043 916 Buttmann
1058 852 1092 916 in
1115 853 1334 934 grammatica,

118 983 120 996 ·
208 969 279 1014 cum
308 948 364 1012 alii
394 946 585 1030 conjecturis
616 945 835 1013 difficultatem
865 949 980 1015 tollere
1010 949 1161 1014 studeant
1188 949 1338 1028 (Drouke

209 1044 392 1132 αὖρανόφι,
426 1046 571 1126 Hartung
599 1046 652 1109 τὶν
682 1041 900 1132 ὠρανίαφιν),
934 1045 1011 1110 mihi
1044 1052 1131 1112 recte
1160 1045 1335 1113 defendere
1371 1097 1375 1112 .

208 1144 335 1210 videtur
349 1145 477 1210 Ahrens
499 1142 778 1222 grammaticorum
790 1142 957 1226 judicium,
982 1163 1174 1226 quamquam
1190 1164 1241 1211 res
1256 1147 1335 1210 satis
1382 1221 1384 1224 v
1409 1143 1410 1146 ’
1504 1135 1510 1148 ’

208 1241 290 1307 mira
313 1247 371 1307 est.
416 1241 529 1324 Neque
552 1240 702 1304 Doricum
733 1245 797 1321 est,
827 1239 885 1306 sed
914 1240 1039 1324 poetice
1068 1239 1174 1306 fictum
1198 1241 1239 1306 ab
1263 1242 1336 1307 Alc·
1427 1307 1429 1312 ,

109 1362 113 1372 ·
209 1359 304 1405 mane
320 1339 496 1404 Homericis
513 1337 669 1420 exemplis
691 1337 870 1426 insolenter
889 1337 1001 1418 abusu,
1025 1357 1118 1419 quem
1141 1337 1183 1402 ad
1205 1339 1334 1403 modum

209 1435 341 1520 Ibycum
366 1437 500 1520 lyricum
523 1434 692 1500 verborum
722 1435 848 1498 tertiam
877 1454 961 1519 pers.
984 1436 1066 1517 sing.
1089 1453 1194 1518 praes.
1218 1443 1278 1500 act.
1301 1437 1335 1499 in

208 1556 286 1619 -ησι
308 1542 478 1599 exeuntem
500 1533 655 1597 formasse
678 1531 877 1614 grammatici
900 1533 1081 1616 perhibent.

295 1630 390 1695 Duali
419 1649 551 1696 numero
580 1629 754 1694 Dorienses
780 1630 880 1694 multo
908 1629 1011 1696 rarius
1039 1629 1088 1694 usi
1117 1635 1204 1710 sunt,
1239 1649 1334 1710 quam

209 1729 315 1794 Attici.
361 1730 399 1792 ln
423 1729 610 1794 Alcmanico
633 1726 670 1791 11.
696 1729 734 1789 12
763 1725 890 1792 codices
912 1726 996 1792 inter
1018 1725 1146 1792 dualem
1171 1723 1335 1790 ἱππότα

211 1824 385 1912 copulet
414 1827 570 1908 pluralem
602 1820 787 1888 ἱππόται
811 1827 941 1910 σοφοί
962 1823 1131 1906 fluctuant,
1164 1823 1223 1889 sed
1251 1823 1336 1888 hunc

210 1943 375 1988 numerum
400 1924 507 2004 Bergk
531 1922 643 1987 merito
666 1920 828 2004 praetulit.

296 2022 511 2103 Augmentum
534 2040 598 2084 non
620 2018 724 2101 magis
740 2038 760 2081 a
774 2018 985 2083 Doricnsibus
999 2017 1159 2100 abjicitur,
1183 2038 1277 2100 quam
1294 2019 1337 2084 ab

210 2118 338 2199 Atticis3
362 2119 514 2183 differunt
530 2117 591 2181 hac
605 2135 642 2181 re
656 2135 721 2180 non
744 2115 834 2198 ipsae
854 2115 991 2195 dialecti,
1016 2114 1073 2180 sed
1096 2122 1144 2181 est
1166 2114 1336 2181 discrimen

210 2216 356 2298 poeticae
378 2222 410 2280 et
438 2235 554 2298 prosae
576 2213 729 2278 orationis
751 2215 793 2276 ab
816 2213 916 2296 epicis
938 2213 1132 2278 carminibus
1154 2214 1335 2296 repetitum.
1358 2213 1366 2216 “

211 2311 307 2394 Apud
339 2312 526 2377 Alcmanem
564 2318 670 2374 autem
707 2315 914 2390 augmentum
951 2311 1138 2392 plerumque
1174 2318 1336 2376 servatur:

213 2405 382 2494 ἠράσθη
399 2409 436 2471 11.
454 2411 504 2488 33,
521 2397 676 2492 ἤσκε11.
693 2407 744 2484 72,
761 2401 968 2491 ηὕλησε11.
986 2409 1036 2471 82.
1060 2441 1101 2452 -
1124 2403 1335 2471 ἐδάσσατο

210 2505 247 2570 11.
273 2507 323 2585 69,
354 2502 514 2570 tracter
536 2504 573 2566 11.
598 2505 649 2582 68,
676 2499 803 2587 ἔσηκε
827 2501 865 2565 11.
888 2505 939 2582 76,
969 2500 1109 2582 ἔδειξε
1132 2501 1169 2566 11.
1193 2506 1250 2586 373
1278 2505 1337 2570 sed

211 2608 321 2669 carent
346 2605 519 2683 augmento
549 2598 722 2682 syllabico:
751 2595 890 2668 πάσαν
912 2619 988 2682 pap.
1012 2602 1041 2663 2.
1067 2605 1099 2679 1,
1128 2605 1222 2667 τέκε
1245 2601 1282 2664 11.
1307 2603 1335 2681 8,

211 2705 255 2764 κέ
263 2722 333 2762 nco
357 2706 411 2774 (=
426 2695 573 2773 ἒκέλετο)
595 2696 632 2760 11.
650 2700 721 2785 141.
753 2694 883 2761 δῦσαν
905 2696 942 2761 fr.
959 2699 999 2762 28
1023 2697 1095 2770 (nisi
1118 2685 1224 2763 αῧσαν
1247 2711 1338 2782 p'rae·

211 2796 398 2881 optandum,
422 2794 492 2860 cod.
509 2795 635 2870 λῦσαν).
672 2791 746 2858 Alia
768 2793 938 2859 incertiora
959 2796 1251 2877 praetermittimus.

295 2893 538 2977 Adjectivorum
559 2891 593 2954 in
617 2913 673 2966 -ος
701 2891 912 2974 comparativi
938 2891 972 2955 in
998 2913 1155 2975 -εστερος
1184 2899 1338 2958 exeuntes

211 2992 340 3076 saepius
366 2989 453 3074 apud
474 2988 608 3055 Doricos
637 2993 749 3071 poetas
776 2988 935 3070 leguntur,
965 3006 1007 3052 ex
1029 2989 1185 3057 Alcmene
1206 2989 1336 3057 affertur

212 3091 262 3154 nt.
285 3090 327 3154 M.
351 3093 423 3170 420,
447 3093 487 3152 50
510 3082 814 3169 ἡδυμέστατος.
1183 3076 1191 3086 ”

298 3185 353 3266 Iis,
376 3205 458 3267 quae
482 3185 522 3250 de
544 3184 708 3248 nominum
724 3189 757 3249 et
771 3183 940 3249 verborum
957 3183 1173 3250 declinatione
1188 3183 1336 3265 diximus,

211 3281 405 3363 paucissima
426 3281 523 3345 liceat
545 3280 723 3363 adjungere
746 3281 787 3345 dc
812 3280 944 3363 reliquis
965 3300 1078 3346 vocum
1100 3281 1282 3364 generibus.

297 3376 386 3441 Inter
413 3377 669 3459 praepositiones
697 3376 836 3442 maxime
865 3398 885 3442 a
912 3377 1036 3459 vulgari
1065 3379 1190 3443 ratione
1216 3376 1338 3444 recedit

212 3471 303 3540 πεδὰ
326 3492 384 3557 pro
405 3472 500 3555 μετὰ,
524 3473 609 3556 quod
623 3472 711 3557 apud
727 3475 845 3540 Aeoles
862 3473 1001 3557 saepius
1011 3474 1126 3557 legitur
1141 3491 1246 3557 neque
1260 3493 1338 3540 vero

213 3591 234 3636 a
256 3568 376 3635 Doride
404 3571 546 3637 alienum
569 3577 627 3637 est.
672 3571 710 3635 In
739 3591 864 3656 papyro
892 3576 1001 3636 nostro
1024 3577 1054 3637 2.
1077 3575 1117 3635 24
1146 3577 1236 3636 extat
1256 3572 1338 3637 haec
1387 3646 1389 3651 ,

138 3741 139 3744 ¹
213 3667 316 3733 forma
345 3663 451 3747 πεδ’,
482 3667 602 3734 deinde
629 3666 737 3734 πεδὰ
766 3669 802 3734 lr.
826 3672 883 3750 33,
914 3664 1096 3732 πέδεστι
1123 3668 1161 3732 11.
1184 3671 1226 3732 74
1254 3666 1337 3746 (cod.

213 3762 383 3836 πὲδεσσι).
462 3809 466 3818 ,

299 3863 361 3927 Pro
383 3860 491 3926 Attica
514 3862 673 3945 particula
702 3858 742 3927 δν
769 3861 803 3927 in
825 3861 947 3930 Doride
973 3861 1063 3928 valet
1088 3859 1131 3926 κὰ
1153 3859 1225 3927 κάν.
1269 3861 1338 3927 Hoc

215 3964 303 4024 extat
324 3957 411 4041 apud
434 3957 637 4024 Alcmanem:
659 3959 697 4024 11.
721 3963 761 4025 33
785 3955 831 4024 κ’.
874 3959 941 4025 Sed
962 3954 1003 4023 dr
1025 3957 1076 4024 bis
1097 3958 1249 4025 traditum
1273 3965 1336 4024 est:

213 4055 251 4120 ir.
267 4060 309 4120 42
330 4061 383 4133 τίς
405 4050 455 4134 ἂν,
478 4054 657 4138 quodcum
679 4076 746 4122 non
766 4056 945 4141 spondeum
967 4055 1080 4136 faciat,
1110 4075 1204 4138 quem
1226 4075 1338 4122 versus

1082 4157 1135 4208 14*
