<?xml version="1.0" encoding="UTF-8"?>
<!DOCTYPE html PUBLIC "-//W3C//DTD XHTML 1.0 Transitional//EN"
    "http://www.w3.org/TR/xhtml1/DTD/xhtml1-transitional.dtd">
<html xmlns="http://www.w3.org/1999/xhtml" xml:lang="en" lang="en">
 <head>
  <title>
</title>
<meta http-equiv="Content-Type" content="text/html;charset=utf-8" />
  <meta name='ocr-system' content='tesseract 3.04.00' />
  <meta name='ocr-capabilities' content='ocr_page ocr_carea ocr_par ocr_line ocrx_word'/>
</head>
<body>
  <div class='ocr_page' id='page_1' title='image "./studienzurgriec05curtgoog_0322.png"; bbox 0 0 3208 4928; ppageno 0'>
   <div class='ocr_carea' id='block_1_1' title="bbox 486 485 1325 560">
    <p class='ocr_par' dir='ltr' id='par_1_1' title="bbox 486 485 1325 560">
     <span class='ocr_line' id='line_1_1' title="bbox 486 485 1325 560; baseline 0.01 -20"><span class='ocrx_word' id='word_1_1' title='bbox 486 485 662 554; x_wconf 84' lang='lat' dir='ltr'><strong>Quaestiones</strong></span> <span class='ocrx_word' id='word_1_2' title='bbox 680 486 902 556; x_wconf 78' lang='lat' dir='ltr'><strong>dialectologieae</strong></span> <span class='ocrx_word' id='word_1_3' title='bbox 918 503 1040 560; x_wconf 76' lang='lat' dir='ltr'>graecae.</span> <span class='ocrx_word' id='word_1_4' title='bbox 1263 485 1325 548; x_wconf 82' lang='lat'><strong>309</strong></span> 
     </span>
    </p>
   </div>
   <div class='ocr_carea' id='block_1_2' title="bbox 167 656 1412 952">
    <p class='ocr_par' dir='ltr' id='par_1_2' title="bbox 167 656 1412 952">
     <span class='ocr_line' id='line_1_2' title="bbox 167 656 1412 758; baseline 0.005 -37"><span class='ocrx_word' id='word_1_5' title='bbox 167 659 169 664; x_wconf 87' lang='grc'><strong>’</strong></span> <span class='ocrx_word' id='word_1_6' title='bbox 285 656 379 737; x_wconf 85' lang='lat' dir='ltr'><strong>Quod</strong></span> <span class='ocrx_word' id='word_1_7' title='bbox 401 677 473 724; x_wconf 85' lang='lat' dir='ltr'><strong>oum</strong></span> <span class='ocrx_word' id='word_1_8' title='bbox 495 658 542 723; x_wconf 90' lang='lat' dir='ltr'><strong>ita</strong></span> <span class='ocrx_word' id='word_1_9' title='bbox 563 658 615 744; x_wconf 84' lang='lat' dir='ltr'><strong>sit,</strong></span> <span class='ocrx_word' id='word_1_10' title='bbox 636 678 678 726; x_wconf 91' lang='lat' dir='ltr'><strong>ne</strong></span> <span class='ocrx_word' id='word_1_11' title='bbox 700 661 762 726; x_wconf 87' lang='lat' dir='ltr'><strong>hae</strong></span> <span class='ocrx_word' id='word_1_12' title='bbox 784 657 914 743; x_wconf 89' lang='lat' dir='ltr'><strong>quidem</strong></span> <span class='ocrx_word' id='word_1_13' title='bbox 936 659 970 726; x_wconf 92' lang='lat' dir='ltr'><strong>in</strong></span> <span class='ocrx_word' id='word_1_14' title='bbox 991 679 1026 727; x_wconf 91' lang='lat' dir='ltr'><strong>re</strong></span> <span class='ocrx_word' id='word_1_15' title='bbox 1048 659 1170 742; x_wconf 87' lang='lat' dir='ltr'><strong>dubito,</strong></span> <span class='ocrx_word' id='word_1_16' title='bbox 1193 660 1268 744; x_wconf 91' lang='lat' dir='ltr'><strong>quin</strong></span> <span class='ocrx_word' id='word_1_17' title='bbox 1291 661 1326 728; x_wconf 87' lang='lat' dir='ltr'><strong>in</strong></span> <span class='ocrx_word' id='word_1_18' title='bbox 1410 749 1412 758; x_wconf 18' lang='lat' dir='ltr'>y</span> 
     </span>
     <span class='ocr_line' id='line_1_3' title="bbox 198 755 1326 844; baseline 0.001 -22"><span class='ocrx_word' id='word_1_19' title='bbox 198 755 328 841; x_wconf 88' lang='lat' dir='ltr'><strong>primo</strong></span> <span class='ocrx_word' id='word_1_20' title='bbox 349 755 426 821; x_wconf 93' lang='lat' dir='ltr'><strong>illo</strong></span> <span class='ocrx_word' id='word_1_21' title='bbox 449 755 695 823; x_wconf 81' lang='lat' dir='ltr'><strong>Graeeorum</strong></span> <span class='ocrx_word' id='word_1_22' title='bbox 716 776 864 825; x_wconf 88' lang='lat' dir='ltr'><strong>sermone</strong></span> <span class='ocrx_word' id='word_1_23' title='bbox 885 758 921 824; x_wconf 89' lang='lat' dir='ltr'><strong>in</strong></span> <span class='ocrx_word' id='word_1_24' title='bbox 942 764 1045 841; x_wconf 77' lang='lat' dir='ltr'><strong>opta</strong></span> <span class='ocrx_word' id='word_1_25' title='bbox 1066 777 1164 844; x_wconf 78' lang='lat' dir='ltr'><strong>prop</strong></span> <span class='ocrx_word' id='word_1_26' title='bbox 1188 777 1326 842; x_wconf 90' lang='lat' dir='ltr'><strong>pronun·</strong></span> 
     </span>
     <span class='ocr_line' id='line_1_4' title="bbox 197 851 462 952; baseline -0.004 -33"><span class='ocrx_word' id='word_1_27' title='bbox 197 854 314 919; x_wconf 89' lang='lat' dir='ltr'><strong>tiatum</strong></span> <span class='ocrx_word' id='word_1_28' title='bbox 332 851 387 952; x_wconf 75' lang='lat' dir='ltr'><strong>sit.</strong></span> <span class='ocrx_word' id='word_1_29' title='bbox 422 851 462 918; x_wconf 88' lang='lat' dir='ltr'><strong>of.</strong></span> 
     </span>
    </p>
   </div>
   <div class='ocr_carea' id='block_1_3' title="bbox 326 993 1202 1373">
    <p class='ocr_par' dir='ltr' id='par_1_3' title="bbox 326 993 1202 1373">
     <span class='ocr_line' id='line_1_5' title="bbox 326 993 1198 1082; baseline -0.005 -20"><span class='ocrx_word' id='word_1_30' title='bbox 326 1015 430 1080; x_wconf 78' lang='lat' dir='ltr'><strong>graec.</strong></span> <span class='ocrx_word' id='word_1_31' title='bbox 454 993 548 1061; x_wconf 78' lang='grc' dir='ltr'><strong><em>ἕσιᾶν</em></strong></span> <span class='ocrx_word' id='word_1_32' title='bbox 634 1004 707 1062; x_wconf 78' lang='lat' dir='ltr'><strong>sort.</strong></span> <span class='ocrx_word' id='word_1_33' title='bbox 728 997 811 1082; x_wconf 68' lang='lat' dir='ltr'><strong>pam</strong></span> <span class='ocrx_word' id='word_1_34' title='bbox 876 998 978 1064; x_wconf 91' lang='lat' dir='ltr'><strong>umbr.</strong></span> <span class='ocrx_word' id='word_1_35' title='bbox 1001 998 1198 1060; x_wconf 64' lang='lat' dir='ltr'><strong>uaeris-ibor</strong></span> 
     </span>
     <span class='ocr_line' id='line_1_6' title="bbox 372 1091 1170 1178; baseline -0.003 -20"><span class='ocrx_word' id='word_1_36' title='bbox 372 1127 409 1171; x_wconf 87' lang='lat'><strong>„·</strong></span> <span class='ocrx_word' id='word_1_37' title='bbox 450 1091 546 1169; x_wconf 74' lang='grc' dir='ltr'><em>ἐσιᾶς</em></span> <span class='ocrx_word' id='word_1_38' title='bbox 664 1141 678 1172; x_wconf 84' lang='grc'><strong>,,</strong></span> <span class='ocrx_word' id='word_1_39' title='bbox 727 1094 794 1178; x_wconf 73' lang='lat' dir='ltr'><strong>ajon</strong></span> <span class='ocrx_word' id='word_1_40' title='bbox 922 1143 935 1174; x_wconf 84' lang='lat'><strong>‚‚</strong></span> <span class='ocrx_word' id='word_1_41' title='bbox 1000 1095 1170 1157; x_wconf 74' lang='lat' dir='ltr'><strong>orario-irie</strong></span> 
     </span>
     <span class='ocr_line' id='line_1_7' title="bbox 372 1188 1185 1275; baseline -0.004 -19"><span class='ocrx_word' id='word_1_42' title='bbox 372 1239 386 1270; x_wconf 84' lang='lat'>„</span> <span class='ocrx_word' id='word_1_43' title='bbox 451 1188 527 1256; x_wconf 79' lang='grc' dir='ltr'>ἐσιᾰ</span> <span class='ocrx_word' id='word_1_44' title='bbox 664 1239 677 1267; x_wconf 88' lang='grc'><strong>,,</strong></span> <span class='ocrx_word' id='word_1_45' title='bbox 728 1190 792 1275; x_wconf 70' lang='lat' dir='ltr'><strong>ajat</strong></span> <span class='ocrx_word' id='word_1_46' title='bbox 923 1240 936 1270; x_wconf 83' lang='lat'><strong>‚‚</strong></span> <span class='ocrx_word' id='word_1_47' title='bbox 1001 1190 1185 1254; x_wconf 59' lang='lat' dir='ltr'><strong>usaria-iat</strong></span> 
     </span>
     <span class='ocr_line' id='line_1_8' title="bbox 372 1285 1202 1373; baseline 0.001 -21"><span class='ocrx_word' id='word_1_48' title='bbox 372 1336 385 1367; x_wconf 84' lang='lat'><strong>‚‚</strong></span> <span class='ocrx_word' id='word_1_49' title='bbox 450 1285 566 1352; x_wconf 75' lang='grc' dir='ltr'><strong><em>ἐσιαντ</em></strong></span> <span class='ocrx_word' id='word_1_50' title='bbox 665 1336 678 1366; x_wconf 87' lang='grc'><strong>,,</strong></span> <span class='ocrx_word' id='word_1_51' title='bbox 728 1289 797 1373; x_wconf 75' lang='lat' dir='ltr'><strong>sy&#39;uo</strong></span> <span class='ocrx_word' id='word_1_52' title='bbox 924 1337 937 1366; x_wconf 87' lang='lat'><strong>,‚</strong></span> <span class='ocrx_word' id='word_1_53' title='bbox 1002 1289 1202 1353; x_wconf 79' lang='lat' dir='ltr'><strong>usaria-iana.</strong></span> 
     </span>
    </p>
   </div>
   <div class='ocr_carea' id='block_1_4' title="bbox 283 1415 1326 1524">
    <p class='ocr_par' dir='ltr' id='par_1_4' title="bbox 283 1415 1326 1524">
     <span class='ocr_line' id='line_1_9' title="bbox 283 1415 1326 1524; baseline 0.002 -18"><span class='ocrx_word' id='word_1_54' title='bbox 283 1439 407 1520; x_wconf 77' lang='lat' dir='ltr'><strong>Quibus</strong></span> <span class='ocrx_word' id='word_1_55' title='bbox 435 1440 532 1523; x_wconf 84' lang='lat' dir='ltr'><strong>igitur</strong></span> <span class='ocrx_word' id='word_1_56' title='bbox 559 1439 601 1506; x_wconf 89' lang='lat' dir='ltr'><strong>de</strong></span> <span class='ocrx_word' id='word_1_57' title='bbox 628 1439 733 1506; x_wconf 84' lang='lat' dir='ltr'><strong>oausis</strong></span> <span class='ocrx_word' id='word_1_58' title='bbox 756 1431 844 1524; x_wconf 85' lang='lat' dir='ltr'><strong>apud</strong></span> <span class='ocrx_word' id='word_1_59' title='bbox 866 1415 1008 1508; x_wconf 75' lang='lat' dir='ltr'><strong>Graecos</strong></span> <span class='ocrx_word' id='word_1_60' title='bbox 1029 1439 1063 1504; x_wconf 93' lang='lat' dir='ltr'><strong>in</strong></span> <span class='ocrx_word' id='word_1_61' title='bbox 1086 1438 1238 1522; x_wconf 81' lang='lat' dir='ltr'><strong>optativis</strong></span> <span class='ocrx_word' id='word_1_62' title='bbox 1260 1440 1326 1508; x_wconf 88' lang='lat' dir='ltr'><strong>illis</strong></span> 
     </span>
    </p>
   </div>
   <div class='ocr_carea' id='block_1_5' title="bbox 82 1536 1325 1632">
    <p class='ocr_par' dir='ltr' id='par_1_5' title="bbox 82 1536 1325 1632">
     <span class='ocr_line' id='line_1_10' title="bbox 82 1536 1325 1632; baseline 0.001 -30"><span class='ocrx_word' id='word_1_63' title='bbox 82 1563 86 1574; x_wconf 62' lang='lat'><strong><em>¹</em></strong></span> <span class='ocrx_word' id='word_1_64' title='bbox 198 1537 273 1602; x_wconf 71' lang='lat' dir='ltr'><strong>Irin</strong></span> <span class='ocrx_word' id='word_1_65' title='bbox 303 1563 323 1624; x_wconf 83' lang='grc' dir='ltr'><em>η</em></span> <span class='ocrx_word' id='word_1_66' title='bbox 352 1543 509 1603; x_wconf 89' lang='lat' dir='ltr'><strong>mutatum</strong></span> <span class='ocrx_word' id='word_1_67' title='bbox 537 1555 609 1603; x_wconf 88' lang='lat' dir='ltr'><strong>esse</strong></span> <span class='ocrx_word' id='word_1_68' title='bbox 627 1537 783 1632; x_wconf 80' lang='lat' dir='ltr'><strong>iudieas?</strong></span> <span class='ocrx_word' id='word_1_69' title='bbox 827 1539 932 1621; x_wconf 89' lang='lat' dir='ltr'><strong>Atque</strong></span> <span class='ocrx_word' id='word_1_70' title='bbox 960 1536 1039 1603; x_wconf 93' lang='lat' dir='ltr'><strong>mihi</strong></span> <span class='ocrx_word' id='word_1_71' title='bbox 1066 1537 1127 1603; x_wconf 90' lang='lat' dir='ltr'><strong>hoo</strong></span> <span class='ocrx_word' id='word_1_72' title='bbox 1155 1537 1325 1620; x_wconf 81' lang='lat' dir='ltr'><strong>probabile</strong></span> 
     </span>
    </p>
   </div>
   <div class='ocr_carea' id='block_1_6' title="bbox 100 1634 1344 2981">
    <p class='ocr_par' dir='ltr' id='par_1_6' title="bbox 100 1634 1344 2981">
     <span class='ocr_line' id='line_1_11' title="bbox 196 1634 907 1702; baseline -0.006 -3"><span class='ocrx_word' id='word_1_73' title='bbox 196 1634 333 1702; x_wconf 86' lang='lat' dir='ltr'><strong>videtur.</strong></span> <span class='ocrx_word' id='word_1_74' title='bbox 904 1677 907 1695; x_wconf 91' lang='lat'>.</span> 
     </span>
     <span class='ocr_line' id='line_1_12' title="bbox 282 1729 1325 1814; baseline 0 -18"><span class='ocrx_word' id='word_1_75' title='bbox 282 1732 424 1796; x_wconf 91' lang='lat' dir='ltr'><strong>Primum</strong></span> <span class='ocrx_word' id='word_1_76' title='bbox 440 1731 525 1797; x_wconf 92' lang='lat' dir='ltr'><strong>enim</strong></span> <span class='ocrx_word' id='word_1_77' title='bbox 547 1730 805 1796; x_wconf 84' lang='lat' dir='ltr'><strong>aoniunetivi</strong></span> <span class='ocrx_word' id='word_1_78' title='bbox 827 1731 1078 1814; x_wconf 85' lang='lat' dir='ltr'><strong>eomparatio</strong></span> <span class='ocrx_word' id='word_1_79' title='bbox 1095 1732 1138 1797; x_wconf 89' lang='lat' dir='ltr'><strong>ad</strong></span> <span class='ocrx_word' id='word_1_80' title='bbox 1153 1755 1172 1813; x_wconf 84' lang='grc' dir='ltr'>η</span> <span class='ocrx_word' id='word_1_81' title='bbox 1188 1729 1325 1798; x_wconf 87' lang='lat' dir='ltr'><strong>eifioien-</strong></span> 
     </span>
     <span class='ocr_line' id='line_1_13' title="bbox 195 1827 1325 1913; baseline 0.002 -19"><span class='ocrx_word' id='word_1_82' title='bbox 195 1828 272 1894; x_wconf 87' lang='lat' dir='ltr'><strong>dum</strong></span> <span class='ocrx_word' id='word_1_83' title='bbox 294 1827 430 1895; x_wconf 85' lang='lat' dir='ltr'><strong>alieuius</strong></span> <span class='ocrx_word' id='word_1_84' title='bbox 450 1828 605 1894; x_wconf 79' lang='lat' dir='ltr'><strong>momenti</strong></span> <span class='ocrx_word' id='word_1_85' title='bbox 626 1828 724 1895; x_wconf 86' lang='lat' dir='ltr'><strong>fuisse</strong></span> <span class='ocrx_word' id='word_1_86' title='bbox 746 1827 888 1912; x_wconf 80' lang='lat' dir='ltr'><strong>ridetur3</strong></span> <span class='ocrx_word' id='word_1_87' title='bbox 911 1829 997 1911; x_wconf 85' lang='lat' dir='ltr'><strong>quod</strong></span> <span class='ocrx_word' id='word_1_88' title='bbox 1019 1847 1057 1895; x_wconf 93' lang='lat' dir='ltr'><strong>eo</strong></span> <span class='ocrx_word' id='word_1_89' title='bbox 1080 1828 1185 1894; x_wconf 91' lang='lat' dir='ltr'><strong>minus</strong></span> <span class='ocrx_word' id='word_1_90' title='bbox 1208 1829 1325 1913; x_wconf 88' lang='lat' dir='ltr'><strong>aliquis</strong></span> 
     </span>
     <span class='ocr_line' id='line_1_14' title="bbox 195 1925 1324 2009; baseline 0 -17"><span class='ocrx_word' id='word_1_91' title='bbox 195 1926 371 2008; x_wconf 88' lang='lat' dir='ltr'><strong>mirabitur,</strong></span> <span class='ocrx_word' id='word_1_92' title='bbox 406 1925 433 1990; x_wconf 94' lang='lat' dir='ltr'><strong>si</strong></span> <span class='ocrx_word' id='word_1_93' title='bbox 462 1944 572 1990; x_wconf 90' lang='lat' dir='ltr'><strong>verum</strong></span> <span class='ocrx_word' id='word_1_94' title='bbox 601 1931 652 1992; x_wconf 88' lang='lat' dir='ltr'><strong>est</strong></span> <span class='ocrx_word' id='word_1_95' title='bbox 682 1925 859 2009; x_wconf 80' lang='lat' dir='ltr'><strong>optativum</strong></span> <span class='ocrx_word' id='word_1_96' title='bbox 889 1925 1003 1992; x_wconf 89' lang='lat' dir='ltr'><strong>intima</strong></span> <span class='ocrx_word' id='word_1_97' title='bbox 1031 1925 1222 2006; x_wconf 73' lang='lat' dir='ltr'><strong>cognatione</strong></span> <span class='ocrx_word' id='word_1_98' title='bbox 1252 1946 1324 1992; x_wconf 90' lang='lat' dir='ltr'><strong>oum</strong></span> 
     </span>
     <span class='ocr_line' id='line_1_15' title="bbox 194 2021 1273 2102; baseline 0.001 -12"><span class='ocrx_word' id='word_1_99' title='bbox 194 2023 389 2091; x_wconf 82' lang='lat' dir='ltr'><strong>eoniunotivi</strong></span> <span class='ocrx_word' id='word_1_100' title='bbox 410 2021 600 2089; x_wconf 78' lang='lat' dir='ltr'><strong>formatione</strong></span> <span class='ocrx_word' id='word_1_101' title='bbox 621 2022 795 2089; x_wconf 88' lang='lat' dir='ltr'><strong>oohaerere</strong></span> <span class='ocrx_word' id='word_1_102' title='bbox 817 2022 868 2100; x_wconf 87' lang='lat' dir='ltr'><strong>(of.</strong></span> <span class='ocrx_word' id='word_1_103' title='bbox 891 2021 1019 2090; x_wconf 73' lang='lat' dir='ltr'><strong>(turtius</strong></span> <span class='ocrx_word' id='word_1_104' title='bbox 1041 2023 1130 2090; x_wconf 89' lang='lat' dir='ltr'><strong>verb.</strong></span> <span class='ocrx_word' id='word_1_105' title='bbox 1153 2023 1187 2088; x_wconf 96' lang='lat' dir='ltr'><strong>Il</strong></span> <span class='ocrx_word' id='word_1_106' title='bbox 1210 2027 1273 2102; x_wconf 83' lang='lat'><strong>80).</strong></span> 
     </span>
     <span class='ocr_line' id='line_1_16' title="bbox 280 2118 1325 2205; baseline 0.002 -17"><span class='ocrx_word' id='word_1_107' title='bbox 280 2118 409 2188; x_wconf 83' lang='lat' dir='ltr'><strong>Deinde</strong></span> <span class='ocrx_word' id='word_1_108' title='bbox 437 2140 513 2186; x_wconf 86' lang='lat' dir='ltr'><strong>vero</strong></span> <span class='ocrx_word' id='word_1_109' title='bbox 542 2119 612 2187; x_wconf 87' lang='lat' dir='ltr'><strong>sine</strong></span> <span class='ocrx_word' id='word_1_110' title='bbox 640 2119 738 2187; x_wconf 88' lang='lat' dir='ltr'><strong>dubio</strong></span> <span class='ocrx_word' id='word_1_111' title='bbox 766 2126 890 2186; x_wconf 90' lang='lat' dir='ltr'><strong>mature</strong></span> <span class='ocrx_word' id='word_1_112' title='bbox 911 2120 944 2187; x_wconf 92' lang='lat' dir='ltr'><strong>in</strong></span> <span class='ocrx_word' id='word_1_113' title='bbox 970 2121 1021 2188; x_wconf 95' lang='lat' dir='ltr'><strong>III</strong></span> <span class='ocrx_word' id='word_1_114' title='bbox 1042 2141 1126 2205; x_wconf 90' lang='lat' dir='ltr'><strong>pers.</strong></span> <span class='ocrx_word' id='word_1_115' title='bbox 1149 2121 1193 2204; x_wconf 93' lang='lat' dir='ltr'><strong>pl.</strong></span> <span class='ocrx_word' id='word_1_116' title='bbox 1215 2121 1325 2190; x_wconf 78' lang='lat' dir='ltr'><strong>brevis</strong></span> 
     </span>
     <span class='ocr_line' id='line_1_17' title="bbox 194 2211 1324 2297; baseline -0.002 -13"><span class='ocrx_word' id='word_1_117' title='bbox 194 2220 317 2285; x_wconf 77' lang='lat' dir='ltr'><strong>vocalis</strong></span> <span class='ocrx_word' id='word_1_118' title='bbox 339 2242 360 2281; x_wconf 88' lang='grc' dir='ltr'>α</span> <span class='ocrx_word' id='word_1_119' title='bbox 382 2219 416 2282; x_wconf 95' lang='lat' dir='ltr'><strong>in</strong></span> <span class='ocrx_word' id='word_1_120' title='bbox 439 2241 455 2282; x_wconf 87' lang='grc' dir='ltr'><em>ε</em></span> <span class='ocrx_word' id='word_1_121' title='bbox 477 2223 601 2282; x_wconf 82' lang='lat' dir='ltr'><strong>mutata</strong></span> <span class='ocrx_word' id='word_1_122' title='bbox 616 2223 681 2284; x_wconf 84' lang='lat' dir='ltr'><strong>est:</strong></span> <span class='ocrx_word' id='word_1_123' title='bbox 704 2213 777 2284; x_wconf 78' lang='grc' dir='ltr'><strong><em>εἶαν</em></strong></span> <span class='ocrx_word' id='word_1_124' title='bbox 793 2243 801 2284; x_wconf 88' lang='lat'>:</span> <span class='ocrx_word' id='word_1_125' title='bbox 818 2211 897 2297; x_wconf 77' lang='grc' dir='ltr'><strong><em>εἶεν,</em></strong></span> <span class='ocrx_word' id='word_1_126' title='bbox 922 2219 1009 2286; x_wconf 84' lang='lat' dir='ltr'><strong>unde</strong></span> <span class='ocrx_word' id='word_1_127' title='bbox 1030 2218 1164 2285; x_wconf 85' lang='lat' dir='ltr'><strong>mutatio</strong></span> <span class='ocrx_word' id='word_1_128' title='bbox 1186 2217 1230 2285; x_wconf 88' lang='lat' dir='ltr'><strong>ad</strong></span> <span class='ocrx_word' id='word_1_129' title='bbox 1250 2219 1324 2286; x_wconf 83' lang='lat' dir='ltr'><strong>reli·</strong></span> 
     </span>
     <span class='ocr_line' id='line_1_18' title="bbox 195 2314 1324 2399; baseline 0.004 -20"><span class='ocrx_word' id='word_1_130' title='bbox 195 2334 275 2398; x_wconf 85' lang='lat' dir='ltr'><strong>quas</strong></span> <span class='ocrx_word' id='word_1_131' title='bbox 311 2333 467 2398; x_wconf 89' lang='lat' dir='ltr'><strong>personas</strong></span> <span class='ocrx_word' id='word_1_132' title='bbox 503 2314 632 2396; x_wconf 81' lang='lat' dir='ltr'><strong>longam</strong></span> <span class='ocrx_word' id='word_1_133' title='bbox 665 2315 812 2394; x_wconf 88' lang='lat' dir='ltr'><strong>vooalem</strong></span> <span class='ocrx_word' id='word_1_134' title='bbox 847 2317 1040 2398; x_wconf 82' lang='lat' dir='ltr'><strong>praebentes</strong></span> <span class='ocrx_word' id='word_1_135' title='bbox 1069 2322 1221 2399; x_wconf 87' lang='lat' dir='ltr'><strong>proveeta</strong></span> <span class='ocrx_word' id='word_1_136' title='bbox 1252 2337 1324 2384; x_wconf 87' lang='lat' dir='ltr'><strong>esse</strong></span> 
     </span>
     <span class='ocr_line' id='line_1_19' title="bbox 194 2410 1340 2498; baseline 0 -21"><span class='ocrx_word' id='word_1_137' title='bbox 194 2411 352 2478; x_wconf 88' lang='lat' dir='ltr'><strong>sumenda</strong></span> <span class='ocrx_word' id='word_1_138' title='bbox 380 2417 439 2477; x_wconf 90' lang='lat' dir='ltr'><strong>est.</strong></span> <span class='ocrx_word' id='word_1_139' title='bbox 481 2410 609 2476; x_wconf 85' lang='lat' dir='ltr'><strong>Dixerit</strong></span> <span class='ocrx_word' id='word_1_140' title='bbox 637 2410 795 2494; x_wconf 89' lang='lat' dir='ltr'><strong>quispiam</strong></span> <span class='ocrx_word' id='word_1_141' title='bbox 826 2411 939 2475; x_wconf 90' lang='lat' dir='ltr'><strong>mirum</strong></span> <span class='ocrx_word' id='word_1_142' title='bbox 969 2410 1192 2498; x_wconf 28' lang='lat' dir='ltr'><strong>riderixuuam</strong></span> <span class='ocrx_word' id='word_1_143' title='bbox 1215 2432 1340 2496; x_wconf 53' lang='lat' dir='ltr'><strong>perso,</strong></span> 
     </span>
     <span class='ocr_line' id='line_1_20' title="bbox 194 2506 1323 2592; baseline 0 -17"><span class='ocrx_word' id='word_1_144' title='bbox 194 2529 271 2575; x_wconf 92' lang='lat' dir='ltr'><strong>nam</strong></span> <span class='ocrx_word' id='word_1_145' title='bbox 293 2509 343 2573; x_wconf 94' lang='lat' dir='ltr'><strong>Ill</strong></span> <span class='ocrx_word' id='word_1_146' title='bbox 358 2508 403 2592; x_wconf 89' lang='lat' dir='ltr'><strong>pl.</strong></span> <span class='ocrx_word' id='word_1_147' title='bbox 418 2507 461 2573; x_wconf 87' lang='lat' dir='ltr'><strong>ad</strong></span> <span class='ocrx_word' id='word_1_148' title='bbox 484 2513 530 2573; x_wconf 89' lang='lat' dir='ltr'><strong>tot</strong></span> <span class='ocrx_word' id='word_1_149' title='bbox 551 2506 692 2589; x_wconf 86' lang='lat' dir='ltr'><strong>reliquas</strong></span> <span class='ocrx_word' id='word_1_150' title='bbox 713 2506 884 2574; x_wconf 86' lang='lat' dir='ltr'><strong>mutandas</strong></span> <span class='ocrx_word' id='word_1_151' title='bbox 906 2512 1030 2572; x_wconf 89' lang='lat' dir='ltr'><strong>tantam</strong></span> <span class='ocrx_word' id='word_1_152' title='bbox 1053 2507 1118 2572; x_wconf 90' lang='lat' dir='ltr'><strong>vim</strong></span> <span class='ocrx_word' id='word_1_153' title='bbox 1141 2510 1323 2575; x_wconf 76' lang='lat' dir='ltr'><strong>exercuisse</strong></span> 
     </span>
     <span class='ocr_line' id='line_1_21' title="bbox 195 2603 1322 2691; baseline -0.002 -19"><span class='ocrx_word' id='word_1_154' title='bbox 195 2611 227 2672; x_wconf 87' lang='lat' dir='ltr'><strong>et</strong></span> <span class='ocrx_word' id='word_1_155' title='bbox 248 2605 389 2691; x_wconf 78' lang='lat' dir='ltr'><strong>profecto</strong></span> <span class='ocrx_word' id='word_1_156' title='bbox 411 2605 482 2689; x_wconf 92' lang='lat' dir='ltr'><strong>ipse</strong></span> <span class='ocrx_word' id='word_1_157' title='bbox 503 2604 612 2688; x_wconf 91' lang='lat' dir='ltr'><strong>aliquo</strong></span> <span class='ocrx_word' id='word_1_158' title='bbox 634 2605 730 2671; x_wconf 89' lang='lat' dir='ltr'><strong>modo</strong></span> <span class='ocrx_word' id='word_1_159' title='bbox 752 2604 814 2670; x_wconf 89' lang='lat' dir='ltr'><strong>hae</strong></span> <span class='ocrx_word' id='word_1_160' title='bbox 835 2605 869 2670; x_wconf 90' lang='lat' dir='ltr'><strong>iu</strong></span> <span class='ocrx_word' id='word_1_161' title='bbox 883 2625 918 2670; x_wconf 90' lang='lat' dir='ltr'><strong>re</strong></span> <span class='ocrx_word' id='word_1_162' title='bbox 940 2603 1067 2671; x_wconf 90' lang='lat' dir='ltr'><strong>haereo.</strong></span> <span class='ocrx_word' id='word_1_163' title='bbox 1097 2603 1205 2684; x_wconf 80' lang='lat' dir='ltr'><strong>Quare</strong></span> <span class='ocrx_word' id='word_1_164' title='bbox 1220 2606 1322 2690; x_wconf 89' lang='lat' dir='ltr'><strong>suspi-</strong></span> 
     </span>
     <span class='ocr_line' id='line_1_22' title="bbox 194 2701 1344 2786; baseline -0.002 -18"><span class='ocrx_word' id='word_1_165' title='bbox 194 2702 319 2769; x_wconf 90' lang='lat' dir='ltr'><strong>oionem</strong></span> <span class='ocrx_word' id='word_1_166' title='bbox 341 2702 482 2785; x_wconf 88' lang='lat' dir='ltr'><strong>aliquam</strong></span> <span class='ocrx_word' id='word_1_167' title='bbox 504 2701 703 2786; x_wconf 90' lang='lat' dir='ltr'><strong>supprimere</strong></span> <span class='ocrx_word' id='word_1_168' title='bbox 725 2702 810 2768; x_wconf 91' lang='lat' dir='ltr'><strong>uolo.</strong></span> <span class='ocrx_word' id='word_1_169' title='bbox 1341 2727 1344 2732; x_wconf 87' lang='lat'><em>·</em></span> 
     </span>
     <span class='ocr_line' id='line_1_23' title="bbox 100 2797 1323 2893; baseline -0.002 -25"><span class='ocrx_word' id='word_1_170' title='bbox 100 2884 105 2893; x_wconf 21' lang='lat'><em>⁵</em></span> <span class='ocrx_word' id='word_1_171' title='bbox 279 2801 314 2868; x_wconf 89' lang='lat' dir='ltr'><strong>Si</strong></span> <span class='ocrx_word' id='word_1_172' title='bbox 342 2799 429 2867; x_wconf 92' lang='lat' dir='ltr'><strong>enim</strong></span> <span class='ocrx_word' id='word_1_173' title='bbox 464 2818 575 2864; x_wconf 89' lang='lat' dir='ltr'><strong>verum</strong></span> <span class='ocrx_word' id='word_1_174' title='bbox 612 2805 661 2865; x_wconf 89' lang='lat' dir='ltr'><strong>est</strong></span> <span class='ocrx_word' id='word_1_175' title='bbox 697 2797 858 2885; x_wconf 86' lang='lat' dir='ltr'><strong>syllabam</strong></span> <span class='ocrx_word' id='word_1_176' title='bbox 883 2797 941 2882; x_wconf 79' lang='lat' dir='ltr'><strong>ju,</strong></span> <span class='ocrx_word' id='word_1_177' title='bbox 978 2821 1014 2862; x_wconf 88' lang='grc' dir='ltr'><strong>ια</strong></span> <span class='ocrx_word' id='word_1_178' title='bbox 1050 2799 1227 2882; x_wconf 85' lang='lat' dir='ltr'><strong>optativum</strong></span> <span class='ocrx_word' id='word_1_179' title='bbox 1261 2800 1323 2865; x_wconf 84' lang='lat' dir='ltr'><strong>lor·</strong></span> 
     </span>
     <span class='ocr_line' id='line_1_24' title="bbox 193 2895 1321 2981; baseline -0.004 -18"><span class='ocrx_word' id='word_1_180' title='bbox 193 2904 335 2964; x_wconf 91' lang='lat' dir='ltr'><strong>mantem</strong></span> <span class='ocrx_word' id='word_1_181' title='bbox 370 2896 507 2964; x_wconf 88' lang='lat' dir='ltr'><strong>eandem</strong></span> <span class='ocrx_word' id='word_1_182' title='bbox 541 2915 613 2963; x_wconf 91' lang='lat' dir='ltr'><strong>esse</strong></span> <span class='ocrx_word' id='word_1_183' title='bbox 647 2904 745 2981; x_wconf 87' lang='lat' dir='ltr'><strong>atque</strong></span> <span class='ocrx_word' id='word_1_184' title='bbox 777 2916 866 2978; x_wconf 90' lang='lat' dir='ltr'><strong>eam,</strong></span> <span class='ocrx_word' id='word_1_185' title='bbox 902 2896 1047 2979; x_wconf 88' lang='lat' dir='ltr'><strong>quaein</strong></span> <span class='ocrx_word' id='word_1_186' title='bbox 1077 2915 1198 2963; x_wconf 88' lang='lat' dir='ltr'><strong>sansor.</strong></span> <span class='ocrx_word' id='word_1_187' title='bbox 1225 2895 1321 2980; x_wconf 71' lang='lat' dir='ltr'><strong>firmi,</strong></span> 
     </span>
    </p>
   </div>
   <div class='ocr_carea' id='block_1_7' title="bbox 68 2991 1320 3082">
    <p class='ocr_par' dir='ltr' id='par_1_7' title="bbox 68 2991 1320 3082">
     <span class='ocr_line' id='line_1_25' title="bbox 68 2991 1320 3082; baseline 0.002 -22"><span class='ocrx_word' id='word_1_188' title='bbox 68 3077 72 3082; x_wconf 92' lang='lat'>.</span> <span class='ocrx_word' id='word_1_189' title='bbox 192 2993 338 3082; x_wconf 73' lang='lat' dir='ltr'><strong>grippo</strong></span> <span class='ocrx_word' id='word_1_190' title='bbox 366 2993 494 3072; x_wconf 86' lang='lat' dir='ltr'><strong>„vado“</strong></span> <span class='ocrx_word' id='word_1_191' title='bbox 522 2994 724 3078; x_wconf 86' lang='lat' dir='ltr'><strong>oonspioitur‚</strong></span> <span class='ocrx_word' id='word_1_192' title='bbox 753 2991 873 3060; x_wconf 85' lang='lat' dir='ltr'><strong>deinde</strong></span> <span class='ocrx_word' id='word_1_193' title='bbox 895 2993 923 3059; x_wconf 91' lang='lat' dir='ltr'><strong>si</strong></span> <span class='ocrx_word' id='word_1_194' title='bbox 946 2998 978 3058; x_wconf 88' lang='lat' dir='ltr'><strong>et</strong></span> <span class='ocrx_word' id='word_1_195' title='bbox 999 2999 1126 3076; x_wconf 81' lang='lat' dir='ltr'><strong>spectas</strong></span> <span class='ocrx_word' id='word_1_196' title='bbox 1149 2999 1181 3059; x_wconf 88' lang='lat' dir='ltr'><strong>et</strong></span> <span class='ocrx_word' id='word_1_197' title='bbox 1202 2995 1320 3077; x_wconf 84' lang='lat' dir='ltr'><strong>probas</strong></span> 
     </span>
    </p>
   </div>
   <div class='ocr_carea' id='block_1_8' title="bbox 190 3088 1322 4146">
    <p class='ocr_par' dir='ltr' id='par_1_8' title="bbox 190 3088 1322 4146">
     <span class='ocr_line' id='line_1_26' title="bbox 193 3088 1322 3175; baseline -0.001 -17"><span class='ocrx_word' id='word_1_198' title='bbox 193 3111 276 3174; x_wconf 91' lang='lat' dir='ltr'><strong>quae</strong></span> <span class='ocrx_word' id='word_1_199' title='bbox 297 3094 318 3173; x_wconf 64' lang='grc' dir='ltr'>ξ</span> <span class='ocrx_word' id='word_1_200' title='bbox 338 3096 374 3156; x_wconf 91' lang='grc'><strong>11</strong></span> <span class='ocrx_word' id='word_1_201' title='bbox 399 3090 441 3158; x_wconf 87' lang='lat' dir='ltr'><strong>de</strong></span> <span class='ocrx_word' id='word_1_202' title='bbox 456 3090 719 3175; x_wconf 82' lang='lat' dir='ltr'><strong>indogermanioa</strong></span> <span class='ocrx_word' id='word_1_203' title='bbox 739 3091 853 3157; x_wconf 94' lang='lat' dir='ltr'><strong>horum</strong></span> <span class='ocrx_word' id='word_1_204' title='bbox 870 3090 1041 3156; x_wconf 87' lang='lat' dir='ltr'><strong>verborum</strong></span> <span class='ocrx_word' id='word_1_205' title='bbox 1055 3088 1174 3156; x_wconf 77' lang='lat' dir='ltr'><strong>radicis</strong></span> <span class='ocrx_word' id='word_1_206' title='bbox 1196 3092 1322 3174; x_wconf 86' lang='lat' dir='ltr'><strong>quanti·</strong></span> 
     </span>
     <span class='ocr_line' id='line_1_27' title="bbox 193 3187 1318 3272; baseline 0 -18"><span class='ocrx_word' id='word_1_207' title='bbox 193 3195 260 3254; x_wconf 88' lang='lat' dir='ltr'><strong>tate</strong></span> <span class='ocrx_word' id='word_1_208' title='bbox 274 3193 351 3253; x_wconf 89' lang='lat' dir='ltr'><strong>ante</strong></span> <span class='ocrx_word' id='word_1_209' title='bbox 365 3207 441 3261; x_wconf 75' lang='lat' dir='ltr'><strong>mos,</strong></span> <span class='ocrx_word' id='word_1_210' title='bbox 463 3213 526 3271; x_wconf 85' lang='grc' dir='ltr'><strong>μες</strong></span> <span class='ocrx_word' id='word_1_211' title='bbox 541 3196 600 3256; x_wconf 88' lang='lat' dir='ltr'><strong>eto.</strong></span> <span class='ocrx_word' id='word_1_212' title='bbox 616 3191 796 3256; x_wconf 89' lang='lat' dir='ltr'><strong>monuimus</strong></span> <span class='ocrx_word' id='word_1_213' title='bbox 818 3192 903 3266; x_wconf 86' lang='lat' dir='ltr'><strong>(sort.</strong></span> <span class='ocrx_word' id='word_1_214' title='bbox 919 3187 1110 3266; x_wconf 64' lang='lat' dir='ltr'><strong>iba-maslai,</strong></span> <span class='ocrx_word' id='word_1_215' title='bbox 1132 3207 1179 3271; x_wconf 83' lang='lat' dir='ltr'><strong>gr.</strong></span> <span class='ocrx_word' id='word_1_216' title='bbox 1196 3194 1318 3272; x_wconf 83' lang='grc' dir='ltr'><em>φαμές,</em></span> 
     </span>
     <span class='ocr_line' id='line_1_28' title="bbox 193 3282 1320 3369; baseline 0.004 -21"><span class='ocrx_word' id='word_1_217' title='bbox 193 3283 260 3350; x_wconf 88' lang='lat' dir='ltr'><strong>ind.</strong></span> <span class='ocrx_word' id='word_1_218' title='bbox 284 3282 472 3366; x_wconf 71' lang='lat' dir='ltr'><strong>ooo-mast),</strong></span> <span class='ocrx_word' id='word_1_219' title='bbox 495 3292 597 3367; x_wconf 80' lang='lat' dir='ltr'><strong>uerte,</strong></span> <span class='ocrx_word' id='word_1_220' title='bbox 620 3305 725 3369; x_wconf 90' lang='lat' dir='ltr'><strong>spero,</strong></span> <span class='ocrx_word' id='word_1_221' title='bbox 747 3305 813 3350; x_wconf 89' lang='lat' dir='ltr'><strong>non</strong></span> <span class='ocrx_word' id='word_1_222' title='bbox 834 3285 881 3350; x_wconf 89' lang='lat' dir='ltr'><strong>ita</strong></span> <span class='ocrx_word' id='word_1_223' title='bbox 901 3283 1076 3351; x_wconf 87' lang='lat' dir='ltr'><strong>absurdum</strong></span> <span class='ocrx_word' id='word_1_224' title='bbox 1098 3283 1269 3368; x_wconf 87' lang='lat' dir='ltr'><strong>videbitur,</strong></span> <span class='ocrx_word' id='word_1_225' title='bbox 1292 3287 1320 3353; x_wconf 88' lang='lat' dir='ltr'><strong>si</strong></span> 
     </span>
     <span class='ocr_line' id='line_1_29' title="bbox 194 3374 1321 3465; baseline 0.001 -19"><span class='ocrx_word' id='word_1_226' title='bbox 194 3381 265 3465; x_wconf 91' lang='lat' dir='ltr'><strong>quis</strong></span> <span class='ocrx_word' id='word_1_227' title='bbox 286 3379 457 3447; x_wconf 86' lang='lat' dir='ltr'><strong>oonieeerit</strong></span> <span class='ocrx_word' id='word_1_228' title='bbox 481 3381 642 3448; x_wconf 84' lang='lat' dir='ltr'><strong>breviores</strong></span> <span class='ocrx_word' id='word_1_229' title='bbox 664 3381 739 3447; x_wconf 89' lang='lat' dir='ltr'><strong>illas</strong></span> <span class='ocrx_word' id='word_1_230' title='bbox 760 3381 895 3465; x_wconf 84' lang='lat' dir='ltr'><strong>optativi</strong></span> <span class='ocrx_word' id='word_1_231' title='bbox 923 3382 1042 3448; x_wconf 86' lang='lat' dir='ltr'><strong>formas</strong></span> <span class='ocrx_word' id='word_1_232' title='bbox 1069 3374 1187 3462; x_wconf 75' lang='grc' dir='ltr'><strong>(εἶμεν,</strong></span> <span class='ocrx_word' id='word_1_233' title='bbox 1212 3380 1321 3448; x_wconf 79' lang='grc' dir='ltr'><em>διδοῖ-</em></span> 
     </span>
     <span class='ocr_line' id='line_1_30' title="bbox 192 3473 1320 3565; baseline 0.001 -21"><span class='ocrx_word' id='word_1_234' title='bbox 192 3502 265 3561; x_wconf 84' lang='grc' dir='ltr'><strong><em>μεν,</em></strong></span> <span class='ocrx_word' id='word_1_235' title='bbox 287 3477 454 3560; x_wconf 72' lang='grc' dir='ltr'><strong><em>τιθεῖμεν,</em></strong></span> <span class='ocrx_word' id='word_1_236' title='bbox 477 3473 597 3565; x_wconf 80' lang='grc' dir='ltr'><em>ἀφεῖτε</em></span> <span class='ocrx_word' id='word_1_237' title='bbox 614 3485 696 3560; x_wconf 85' lang='lat' dir='ltr'><strong>ete.)‚</strong></span> <span class='ocrx_word' id='word_1_238' title='bbox 719 3489 800 3561; x_wconf 87' lang='lat' dir='ltr'><strong>quas</strong></span> <span class='ocrx_word' id='word_1_239' title='bbox 821 3478 908 3545; x_wconf 90' lang='lat' dir='ltr'><strong>solas</strong></span> <span class='ocrx_word' id='word_1_240' title='bbox 921 3477 956 3542; x_wconf 88' lang='lat' dir='ltr'><strong>in</strong></span> <span class='ocrx_word' id='word_1_241' title='bbox 971 3476 1152 3560; x_wconf 85' lang='lat' dir='ltr'><strong>antiquiore</strong></span> <span class='ocrx_word' id='word_1_242' title='bbox 1172 3496 1320 3546; x_wconf 87' lang='lat' dir='ltr'><strong>sermone</strong></span> 
     </span>
     <span class='ocr_line' id='line_1_31' title="bbox 192 3572 1318 3660; baseline 0 -18"><span class='ocrx_word' id='word_1_243' title='bbox 192 3575 314 3642; x_wconf 84' lang='lat' dir='ltr'><strong>vixisse</strong></span> <span class='ocrx_word' id='word_1_244' title='bbox 327 3574 374 3640; x_wconf 73' lang='lat' dir='ltr'><strong>G.</strong></span> <span class='ocrx_word' id='word_1_245' title='bbox 389 3572 516 3642; x_wconf 76' lang='lat' dir='ltr'><strong>Curtius</strong></span> <span class='ocrx_word' id='word_1_246' title='bbox 537 3576 638 3650; x_wconf 80' lang='lat' dir='ltr'><strong>(verb.</strong></span> <span class='ocrx_word' id='word_1_247' title='bbox 659 3576 692 3642; x_wconf 96' lang='lat' dir='ltr'><strong>II</strong></span> <span class='ocrx_word' id='word_1_248' title='bbox 715 3578 767 3654; x_wconf 88' lang='grc'><strong>84)</strong></span> <span class='ocrx_word' id='word_1_249' title='bbox 789 3573 1018 3660; x_wconf 75' lang='lat' dir='ltr'><strong>comprobavit,</strong></span> <span class='ocrx_word' id='word_1_250' title='bbox 1041 3573 1149 3658; x_wconf 90' lang='lat' dir='ltr'><strong>potius</strong></span> <span class='ocrx_word' id='word_1_251' title='bbox 1171 3593 1213 3640; x_wconf 86' lang='lat' dir='ltr'><strong>ex</strong></span> <span class='ocrx_word' id='word_1_252' title='bbox 1233 3573 1318 3642; x_wconf 75' lang='grc' dir='ltr'>*ἐσ-</span> 
     </span>
     <span class='ocr_line' id='line_1_32' title="bbox 192 3666 1319 3759; baseline -0.003 -19"><span class='ocrx_word' id='word_1_253' title='bbox 192 3696 304 3756; x_wconf 79' lang='grc' dir='ltr'><em>ιε·μεν</em></span> <span class='ocrx_word' id='word_1_254' title='bbox 319 3669 358 3738; x_wconf 82' lang='lat' dir='ltr'><strong>uf.</strong></span> <span class='ocrx_word' id='word_1_255' title='bbox 373 3671 495 3755; x_wconf 75' lang='lat' dir='ltr'><strong>i&#39;e-per,</strong></span> <span class='ocrx_word' id='word_1_256' title='bbox 516 3670 750 3756; x_wconf 77' lang='grc' dir='ltr'><em>*διδο-ιε-μεν</em></span> <span class='ocrx_word' id='word_1_257' title='bbox 773 3673 812 3739; x_wconf 88' lang='lat' dir='ltr'><strong>of.</strong></span> <span class='ocrx_word' id='word_1_258' title='bbox 832 3666 1021 3759; x_wconf 61' lang='lat' dir='ltr'><strong>proparate.</strong></span> <span class='ocrx_word' id='word_1_259' title='bbox 1039 3689 1135 3753; x_wconf 87' lang='lat' dir='ltr'><strong>quam</strong></span> <span class='ocrx_word' id='word_1_260' title='bbox 1151 3688 1193 3736; x_wconf 84' lang='lat' dir='ltr'><strong>ex</strong></span> <span class='ocrx_word' id='word_1_261' title='bbox 1206 3669 1319 3759; x_wconf 76' lang='grc' dir='ltr'><strong><em>ἐσ-ιη-</em></strong></span> 
     </span>
     <span class='ocr_line' id='line_1_33' title="bbox 191 3759 1318 3857; baseline -0.003 -20"><span class='ocrx_word' id='word_1_262' title='bbox 191 3795 264 3854; x_wconf 81' lang='grc' dir='ltr'><strong><em>μεν,</em></strong></span> <span class='ocrx_word' id='word_1_263' title='bbox 288 3769 499 3857; x_wconf 66' lang='lat' dir='ltr'><strong>iario-appar</strong></span> <span class='ocrx_word' id='word_1_264' title='bbox 521 3759 593 3839; x_wconf 84' lang='lat' dir='ltr'><strong>esee</strong></span> <span class='ocrx_word' id='word_1_265' title='bbox 614 3777 804 3837; x_wconf 86' lang='lat' dir='ltr'><strong>eontraotas.</strong></span> <span class='ocrx_word' id='word_1_266' title='bbox 834 3769 919 3849; x_wconf 84' lang='lat' dir='ltr'><strong>Quid</strong></span> <span class='ocrx_word' id='word_1_267' title='bbox 933 3767 1044 3835; x_wconf 80' lang='lat' dir='ltr'><strong>enim?</strong></span> <span class='ocrx_word' id='word_1_268' title='bbox 1066 3767 1104 3850; x_wconf 90' lang='lat' dir='ltr'><strong>si,</strong></span> <span class='ocrx_word' id='word_1_269' title='bbox 1127 3765 1212 3849; x_wconf 90' lang='lat' dir='ltr'><strong>quod</strong></span> <span class='ocrx_word' id='word_1_270' title='bbox 1229 3768 1318 3852; x_wconf 85' lang='lat' dir='ltr'><strong>apud</strong></span> 
     </span>
     <span class='ocr_line' id='line_1_34' title="bbox 193 3864 1318 3949; baseline -0.004 -13"><span class='ocrx_word' id='word_1_271' title='bbox 193 3869 335 3936; x_wconf 80' lang='lat' dir='ltr'><strong>(lraeoos</strong></span> <span class='ocrx_word' id='word_1_272' title='bbox 356 3869 474 3934; x_wconf 85' lang='lat' dir='ltr'><strong>laetum</strong></span> <span class='ocrx_word' id='word_1_273' title='bbox 497 3887 569 3935; x_wconf 92' lang='lat' dir='ltr'><strong>esse</strong></span> <span class='ocrx_word' id='word_1_274' title='bbox 590 3874 715 3935; x_wconf 77' lang='lat' dir='ltr'><strong>constat</strong></span> <span class='ocrx_word' id='word_1_275' title='bbox 735 3867 787 3947; x_wconf 86' lang='lat' dir='ltr'><strong>(oi.</strong></span> <span class='ocrx_word' id='word_1_276' title='bbox 810 3867 937 3933; x_wconf 80' lang='lat' dir='ltr'><strong>Ourtius</strong></span> <span class='ocrx_word' id='word_1_277' title='bbox 957 3865 989 3930; x_wconf 93' lang='lat'><strong>11</strong></span> <span class='ocrx_word' id='word_1_278' title='bbox 1012 3867 1076 3945; x_wconf 83' lang='lat'><strong>85),</strong></span> <span class='ocrx_word' id='word_1_279' title='bbox 1098 3869 1134 3930; x_wconf 87' lang='lat' dir='ltr'><strong>ut</strong></span> <span class='ocrx_word' id='word_1_280' title='bbox 1154 3864 1318 3949; x_wconf 89' lang='lat' dir='ltr'><strong>pleniores</strong></span> 
     </span>
     <span class='ocr_line' id='line_1_35' title="bbox 190 3959 1316 4052; baseline -0.001 -22"><span class='ocrx_word' id='word_1_281' title='bbox 190 3965 313 4032; x_wconf 76' lang='lat' dir='ltr'><strong>formae</strong></span> <span class='ocrx_word' id='word_1_282' title='bbox 336 3963 461 4052; x_wconf 77' lang='grc' dir='ltr'><em>εἴημεν,</em></span> <span class='ocrx_word' id='word_1_283' title='bbox 494 3963 669 4051; x_wconf 77' lang='grc' dir='ltr'><em>διδοίημεν</em></span> <span class='ocrx_word' id='word_1_284' title='bbox 691 3985 749 4049; x_wconf 90' lang='lat' dir='ltr'><strong>pro</strong></span> <span class='ocrx_word' id='word_1_285' title='bbox 776 3959 880 4046; x_wconf 76' lang='grc' dir='ltr'><strong><em>εἶμεν,</em></strong></span> <span class='ocrx_word' id='word_1_286' title='bbox 913 3961 1066 4044; x_wconf 79' lang='grc' dir='ltr'><em>διδοῖμεν</em></span> <span class='ocrx_word' id='word_1_287' title='bbox 1088 3967 1148 4029; x_wconf 82' lang='lat' dir='ltr'><strong>eto.</strong></span> <span class='ocrx_word' id='word_1_288' title='bbox 1170 3981 1212 4028; x_wconf 81' lang='lat' dir='ltr'><strong>ex</strong></span> <span class='ocrx_word' id='word_1_289' title='bbox 1233 3963 1316 4047; x_wconf 79' lang='lat' dir='ltr'><strong>sing.</strong></span> 
     </span>
     <span class='ocr_line' id='line_1_36' title="bbox 190 4058 1252 4146; baseline -0.004 -18"><span class='ocrx_word' id='word_1_290' title='bbox 190 4062 344 4145; x_wconf 77' lang='lat' dir='ltr'><strong>analogia</strong></span> <span class='ocrx_word' id='word_1_291' title='bbox 363 4062 586 4146; x_wconf 78' lang='lat' dir='ltr'><strong>formarentur,</strong></span> <span class='ocrx_word' id='word_1_292' title='bbox 608 4061 694 4130; x_wconf 90' lang='lat' dir='ltr'><strong>idem</strong></span> <span class='ocrx_word' id='word_1_293' title='bbox 716 4063 750 4128; x_wconf 81' lang='lat' dir='ltr'><strong>in&#39;</strong></span> <span class='ocrx_word' id='word_1_294' title='bbox 773 4061 960 4129; x_wconf 88' lang='lat' dir='ltr'><strong>sanseritioa</strong></span> <span class='ocrx_word' id='word_1_295' title='bbox 980 4059 1093 4145; x_wconf 77' lang='lat' dir='ltr'><strong>lingua</strong></span> <span class='ocrx_word' id='word_1_296' title='bbox 1113 4058 1252 4127; x_wconf 80' lang='lat' dir='ltr'><strong>aoeidit?</strong></span> 
     </span>
    </p>
   </div>
   <div class='ocr_carea' id='block_1_9' title="bbox 0 0 1608 4928">
    <p class='ocr_par' dir='ltr' id='par_1_9' title="bbox 0 0 1608 4928">
     <span class='ocr_line' id='line_1_37' title="bbox 0 0 1608 4928; baseline 0 3"><span class='ocrx_word' id='word_1_297' title='bbox 0 0 1608 4928; x_wconf 95' lang='lat' dir='ltr'><strong> </strong></span> 
     </span>
    </p>
   </div>
  </div>
 </body>
</html>
