<?xml version="1.0" encoding="UTF-8"?>
<!DOCTYPE html PUBLIC "-//W3C//DTD XHTML 1.0 Transitional//EN"
    "http://www.w3.org/TR/xhtml1/DTD/xhtml1-transitional.dtd">
<html xmlns="http://www.w3.org/1999/xhtml" xml:lang="en" lang="en">
 <head>
  <title>
</title>
<meta http-equiv="Content-Type" content="text/html;charset=utf-8" />
  <meta name='ocr-system' content='tesseract 3.04.00' />
  <meta name='ocr-capabilities' content='ocr_page ocr_carea ocr_par ocr_line ocrx_word'/>
</head>
<body>
  <div class='ocr_page' id='page_1' title='image "./studienzurgriec05curtgoog_0374.png"; bbox 0 0 3226 4948; ppageno 0'>
   <div class='ocr_carea' id='block_1_1' title="bbox 545 477 1386 555">
    <p class='ocr_par' dir='ltr' id='par_1_1' title="bbox 545 477 1386 555">
     <span class='ocr_line' id='line_1_1' title="bbox 545 477 1386 555; baseline 0.012 -25"><span class='ocrx_word' id='word_1_1' title='bbox 545 477 587 532; x_wconf 89' lang='lat' dir='ltr'>De</span> <span class='ocrx_word' id='word_1_2' title='bbox 604 478 743 532; x_wconf 89' lang='lat' dir='ltr'>Alcmanis</span> <span class='ocrx_word' id='word_1_3' title='bbox 761 483 858 548; x_wconf 85' lang='lat' dir='ltr'>poetae</span> <span class='ocrx_word' id='word_1_4' title='bbox 876 479 998 534; x_wconf 88' lang='lat' dir='ltr'>dialecto.</span> <span class='ocrx_word' id='word_1_5' title='bbox 1271 479 1327 541; x_wconf 84' lang='lat'>361</span> <span class='ocrx_word' id='word_1_6' title='bbox 1376 535 1386 555; x_wconf 75' lang='lat'>,</span> 
     </span>
    </p>
   </div>
   <div class='ocr_carea' id='block_1_2' title="bbox 209 651 1337 1126">
    <p class='ocr_par' dir='ltr' id='par_1_2' title="bbox 209 651 1337 1126">
     <span class='ocr_line' id='line_1_2' title="bbox 209 651 1335 739; baseline 0.003 -20"><span class='ocrx_word' id='word_1_7' title='bbox 209 655 337 739; x_wconf 87' lang='lat' dir='ltr'>ptiones</span> <span class='ocrx_word' id='word_1_8' title='bbox 363 651 515 735; x_wconf 88' lang='lat' dir='ltr'>antiquae</span> <span class='ocrx_word' id='word_1_9' title='bbox 537 653 728 736; x_wconf 78' lang='lat' dir='ltr'>scripturae,</span> <span class='ocrx_word' id='word_1_10' title='bbox 759 673 828 718; x_wconf 89' lang='lat' dir='ltr'>cum</span> <span class='ocrx_word' id='word_1_11' title='bbox 860 672 899 720; x_wconf 88' lang='lat' dir='ltr'>ea</span> <span class='ocrx_word' id='word_1_12' title='bbox 927 655 1013 736; x_wconf 90' lang='lat' dir='ltr'>apud</span> <span class='ocrx_word' id='word_1_13' title='bbox 1037 654 1224 722; x_wconf 83' lang='lat' dir='ltr'>Alcmancm</span> <span class='ocrx_word' id='word_1_14' title='bbox 1253 657 1335 722; x_wconf 93' lang='lat' dir='ltr'>anti·</span> 
     </span>
     <span class='ocr_line' id='line_1_3' title="bbox 210 749 1336 844; baseline 0.004 -27"><span class='ocrx_word' id='word_1_15' title='bbox 210 752 394 836; x_wconf 90' lang='lat' dir='ltr'>quissimum</span> <span class='ocrx_word' id='word_1_16' title='bbox 429 749 606 840; x_wconf 72' lang='lat' dir='ltr'>Laconicae</span> <span class='ocrx_word' id='word_1_17' title='bbox 636 749 765 816; x_wconf 82' lang='lat' dir='ltr'>dialecti</span> <span class='ocrx_word' id='word_1_18' title='bbox 798 758 958 818; x_wconf 85' lang='lat' dir='ltr'>auctorem</span> <span class='ocrx_word' id='word_1_19' title='bbox 992 753 1177 836; x_wconf 86' lang='lat' dir='ltr'>reperiatur.</span> <span class='ocrx_word' id='word_1_20' title='bbox 1222 754 1336 844; x_wconf 85' lang='lat' dir='ltr'>Itaque</span> 
     </span>
     <span class='ocr_line' id='line_1_4' title="bbox 211 846 1336 931; baseline 0.001 -16"><span class='ocrx_word' id='word_1_21' title='bbox 211 849 337 916; x_wconf 85' lang='lat' dir='ltr'>Abrens</span> <span class='ocrx_word' id='word_1_22' title='bbox 364 869 430 913; x_wconf 90' lang='lat' dir='ltr'>non</span> <span class='ocrx_word' id='word_1_23' title='bbox 459 846 557 913; x_wconf 90' lang='lat' dir='ltr'>multo</span> <span class='ocrx_word' id='word_1_24' title='bbox 585 855 661 915; x_wconf 88' lang='lat' dir='ltr'>ante</span> <span class='ocrx_word' id='word_1_25' title='bbox 689 848 789 914; x_wconf 88' lang='lat' dir='ltr'>nostri</span> <span class='ocrx_word' id='word_1_26' title='bbox 817 856 933 931; x_wconf 84' lang='lat' dir='ltr'>poetae</span> <span class='ocrx_word' id='word_1_27' title='bbox 961 856 1100 917; x_wconf 87' lang='lat' dir='ltr'>aetatem</span> <span class='ocrx_word' id='word_1_28' title='bbox 1133 871 1204 917; x_wconf 91' lang='lat' dir='ltr'>eam</span> <span class='ocrx_word' id='word_1_29' title='bbox 1234 859 1336 918; x_wconf 90' lang='lat' dir='ltr'>ortam</span> 
     </span>
     <span class='ocr_line' id='line_1_5' title="bbox 211 945 1337 1029; baseline 0.001 -15"><span class='ocrx_word' id='word_1_30' title='bbox 211 966 283 1014; x_wconf 88' lang='lat' dir='ltr'>esse</span> <span class='ocrx_word' id='word_1_31' title='bbox 312 946 490 1029; x_wconf 88' lang='lat' dir='ltr'>suspicatur</span> <span class='ocrx_word' id='word_1_32' title='bbox 519 978 559 994; x_wconf 70' lang='grc'>«-</span> <span class='ocrx_word' id='word_1_33' title='bbox 590 946 631 1011; x_wconf 87' lang='lat' dir='ltr'>ab</span> <span class='ocrx_word' id='word_1_34' title='bbox 656 945 916 1012; x_wconf 87' lang='lat' dir='ltr'>Heracleensium</span> <span class='ocrx_word' id='word_1_35' title='bbox 948 946 1085 1014; x_wconf 89' lang='lat' dir='ltr'>dialecto</span> <span class='ocrx_word' id='word_1_36' title='bbox 1114 951 1198 1016; x_wconf 90' lang='lat' dir='ltr'>onim</span> <span class='ocrx_word' id='word_1_37' title='bbox 1228 951 1337 1016; x_wconf 92' lang='lat' dir='ltr'>aliena</span> 
     </span>
     <span class='ocr_line' id='line_1_6' title="bbox 212 1034 1335 1126; baseline 0 -14"><span class='ocrx_word' id='word_1_38' title='bbox 212 1052 322 1113; x_wconf 85' lang='lat' dir='ltr'>est-</span> <span class='ocrx_word' id='word_1_39' title='bbox 345 1042 402 1110; x_wconf 89' lang='lat' dir='ltr'>sed</span> <span class='ocrx_word' id='word_1_40' title='bbox 425 1043 537 1110; x_wconf 90' lang='lat' dir='ltr'>mutati</span> <span class='ocrx_word' id='word_1_41' title='bbox 561 1044 631 1110; x_wconf 89' lang='lat' dir='ltr'>soni</span> <span class='ocrx_word' id='word_1_42' title='bbox 659 1043 826 1126; x_wconf 85' lang='lat' dir='ltr'>pristinam</span> <span class='ocrx_word' id='word_1_43' title='bbox 854 1034 961 1110; x_wconf 86' lang='lat' dir='ltr'>notam</span> <span class='ocrx_word' id='word_1_44' title='bbox 985 1045 1039 1110; x_wconf 89' lang='lat' dir='ltr'>diu</span> <span class='ocrx_word' id='word_1_45' title='bbox 1068 1066 1140 1113; x_wconf 89' lang='lat' dir='ltr'>esse</span> <span class='ocrx_word' id='word_1_46' title='bbox 1168 1055 1335 1113; x_wconf 85' lang='lat' dir='ltr'>retentam.</span> 
     </span>
    </p>
   </div>
   <div class='ocr_carea' id='block_1_3' title="bbox 4 1139 1336 1224">
    <p class='ocr_par' dir='ltr' id='par_1_3' title="bbox 4 1139 1336 1224">
     <span class='ocr_line' id='line_1_7' title="bbox 4 1139 1336 1224; baseline 0.003 -18"><span class='ocrx_word' id='word_1_47' title='bbox 4 1195 5 1206; x_wconf 71' lang='lat'>.</span> <span class='ocrx_word' id='word_1_48' title='bbox 106 1156 110 1160; x_wconf 86' lang='grc'>·</span> <span class='ocrx_word' id='word_1_49' title='bbox 213 1143 331 1209; x_wconf 78' lang='lat' dir='ltr'>Contra</span> <span class='ocrx_word' id='word_1_50' title='bbox 345 1141 518 1206; x_wconf 86' lang='lat' dir='ltr'>Kircbboff</span> <span class='ocrx_word' id='word_1_51' title='bbox 530 1141 735 1220; x_wconf 86' lang='lat' dir='ltr'>(Monatsber.</span> <span class='ocrx_word' id='word_1_52' title='bbox 753 1139 881 1224; x_wconf 82' lang='lat' dir='ltr'>d.Berl.</span> <span class='ocrx_word' id='word_1_53' title='bbox 898 1142 998 1207; x_wconf 83' lang='lat' dir='ltr'>Acad.</span> <span class='ocrx_word' id='word_1_54' title='bbox 1017 1147 1107 1210; x_wconf 82' lang='lat'>1870.</span> <span class='ocrx_word' id='word_1_55' title='bbox 1132 1145 1265 1212; x_wconf 87' lang='lat' dir='ltr'>Hermos</span> <span class='ocrx_word' id='word_1_56' title='bbox 1277 1145 1336 1222; x_wconf 87' lang='grc' dir='ltr'>ΙΙΙ)</span> 
     </span>
    </p>
   </div>
   <div class='ocr_carea' id='block_1_4' title="bbox 112 1233 1377 2594">
    <p class='ocr_par' dir='ltr' id='par_1_4' title="bbox 112 1233 1377 2594">
     <span class='ocr_line' id='line_1_8' title="bbox 112 1233 1337 1325; baseline -0.001 -17"><span class='ocrx_word' id='word_1_57' title='bbox 112 1261 114 1271; x_wconf 89' lang='grc'><strong><em>·</em></strong></span> <span class='ocrx_word' id='word_1_58' title='bbox 213 1261 254 1308; x_wconf 78' lang='lat' dir='ltr'>ox</span> <span class='ocrx_word' id='word_1_59' title='bbox 268 1241 429 1309; x_wconf 85' lang='lat' dir='ltr'>titulorum</span> <span class='ocrx_word' id='word_1_60' title='bbox 445 1233 635 1306; x_wconf 82' lang='lat' dir='ltr'>lectionibus</span> <span class='ocrx_word' id='word_1_61' title='bbox 651 1241 838 1322; x_wconf 76' lang='grc' dir='ltr'><strong><em>καθαίρων,</em></strong></span> <span class='ocrx_word' id='word_1_62' title='bbox 863 1233 1022 1325; x_wconf 74' lang='grc' dir='ltr'><em>ἀνέθηκε,</em></span> <span class='ocrx_word' id='word_1_63' title='bbox 1034 1234 1214 1321; x_wconf 53' lang='lat' dir='ltr'>usuratu,</span> <span class='ocrx_word' id='word_1_64' title='bbox 1228 1240 1337 1307; x_wconf 78' lang='grc' dir='ltr'><em>Ἀθα-</em></span> 
     </span>
     <span class='ocr_line' id='line_1_9' title="bbox 213 1334 1335 1424; baseline 0.003 -20"><span class='ocrx_word' id='word_1_65' title='bbox 213 1350 313 1419; x_wconf 80' lang='grc' dir='ltr'><strong><em>ναῖοι,</em></strong></span> <span class='ocrx_word' id='word_1_66' title='bbox 332 1337 544 1414; x_wconf 79' lang='grc' dir='ltr'><em>Θαλασσίων,</em></span> <span class='ocrx_word' id='word_1_67' title='bbox 562 1340 670 1420; x_wconf 59' lang='lat' dir='ltr'>Malui,</span> <span class='ocrx_word' id='word_1_68' title='bbox 688 1335 833 1414; x_wconf 75' lang='grc' dir='ltr'><strong><em>Ξουθία,</em></strong></span> <span class='ocrx_word' id='word_1_69' title='bbox 850 1334 1077 1418; x_wconf 64' lang='lat' dir='ltr'>doctrinalis</span> <span class='ocrx_word' id='word_1_70' title='bbox 1093 1339 1223 1424; x_wconf 80' lang='lat' dir='ltr'>colligit,</span> <span class='ocrx_word' id='word_1_71' title='bbox 1246 1341 1335 1407; x_wconf 88' lang='lat' dir='ltr'>illam</span> 
     </span>
     <span class='ocr_line' id='line_1_10' title="bbox 213 1435 1338 1521; baseline 0.002 -19"><span class='ocrx_word' id='word_1_72' title='bbox 213 1439 422 1503; x_wconf 89' lang='lat' dir='ltr'>mutationem</span> <span class='ocrx_word' id='word_1_73' title='bbox 450 1435 635 1502; x_wconf 82' lang='lat' dir='ltr'>recentioris</span> <span class='ocrx_word' id='word_1_74' title='bbox 664 1435 815 1518; x_wconf 89' lang='lat' dir='ltr'>temporis</span> <span class='ocrx_word' id='word_1_75' title='bbox 844 1454 929 1518; x_wconf 88' lang='lat' dir='ltr'>csse,</span> <span class='ocrx_word' id='word_1_76' title='bbox 959 1456 1053 1519; x_wconf 89' lang='lat' dir='ltr'>quam</span> <span class='ocrx_word' id='word_1_77' title='bbox 1083 1451 1195 1520; x_wconf 88' lang='lat' dir='ltr'>postea</span> <span class='ocrx_word' id='word_1_78' title='bbox 1222 1439 1338 1521; x_wconf 89' lang='lat' dir='ltr'>aliquis</span> 
     </span>
     <span class='ocr_line' id='line_1_11' title="bbox 213 1533 1338 1619; baseline 0 -19"><span class='ocrx_word' id='word_1_79' title='bbox 213 1536 438 1618; x_wconf 83' lang='lat' dir='ltr'>grammaticus</span> <span class='ocrx_word' id='word_1_80' title='bbox 468 1555 508 1600; x_wconf 81' lang='lat' dir='ltr'>cx</span> <span class='ocrx_word' id='word_1_81' title='bbox 538 1534 585 1598; x_wconf 90' lang='lat' dir='ltr'>sui</span> <span class='ocrx_word' id='word_1_82' title='bbox 616 1533 768 1615; x_wconf 89' lang='lat' dir='ltr'>temporis</span> <span class='ocrx_word' id='word_1_83' title='bbox 797 1553 856 1598; x_wconf 92' lang='lat' dir='ltr'>usu</span> <span class='ocrx_word' id='word_1_84' title='bbox 885 1535 998 1600; x_wconf 87' lang='lat' dir='ltr'>ceteris</span> <span class='ocrx_word' id='word_1_85' title='bbox 1024 1535 1223 1602; x_wconf 90' lang='lat' dir='ltr'>Laconismis</span> <span class='ocrx_word' id='word_1_86' title='bbox 1237 1536 1338 1619; x_wconf 59' lang='lat' dir='ltr'>,apud</span> 
     </span>
     <span class='ocr_line' id='line_1_12' title="bbox 214 1629 1339 1718; baseline 0.001 -20"><span class='ocrx_word' id='word_1_87' title='bbox 214 1633 400 1699; x_wconf 87' lang='lat' dir='ltr'>Alcmanem</span> <span class='ocrx_word' id='word_1_88' title='bbox 429 1639 461 1697; x_wconf 91' lang='lat' dir='ltr'>et</span> <span class='ocrx_word' id='word_1_89' title='bbox 490 1630 737 1713; x_wconf 79' lang='lat' dir='ltr'>Aristophanem</span> <span class='ocrx_word' id='word_1_90' title='bbox 766 1629 930 1713; x_wconf 87' lang='lat' dir='ltr'>adjecerit.</span> <span class='ocrx_word' id='word_1_91' title='bbox 983 1631 1126 1715; x_wconf 89' lang='lat' dir='ltr'>Utraque</span> <span class='ocrx_word' id='word_1_92' title='bbox 1154 1635 1339 1718; x_wconf 87' lang='lat' dir='ltr'>conjectura</span> 
     </span>
     <span class='ocr_line' id='line_1_13' title="bbox 214 1727 1340 1810; baseline -0.001 -13"><span class='ocrx_word' id='word_1_93' title='bbox 214 1752 279 1797; x_wconf 91' lang='lat' dir='ltr'>non</span> <span class='ocrx_word' id='word_1_94' title='bbox 309 1737 358 1796; x_wconf 88' lang='lat' dir='ltr'>est</span> <span class='ocrx_word' id='word_1_95' title='bbox 385 1731 455 1796; x_wconf 90' lang='lat' dir='ltr'>sine</span> <span class='ocrx_word' id='word_1_96' title='bbox 483 1729 592 1810; x_wconf 89' lang='lat' dir='ltr'>aliqua</span> <span class='ocrx_word' id='word_1_97' title='bbox 619 1727 827 1793; x_wconf 89' lang='lat' dir='ltr'>dubitatione.</span> <span class='ocrx_word' id='word_1_98' title='bbox 873 1728 956 1793; x_wconf 87' lang='lat' dir='ltr'>Nam</span> <span class='ocrx_word' id='word_1_99' title='bbox 983 1749 1053 1796; x_wconf 87' lang='lat' dir='ltr'>oum</span> <span class='ocrx_word' id='word_1_100' title='bbox 1078 1730 1207 1810; x_wconf 83' lang='lat' dir='ltr'>Graeci,</span> <span class='ocrx_word' id='word_1_101' title='bbox 1237 1733 1340 1798; x_wconf 89' lang='lat' dir='ltr'>donec</span> 
     </span>
     <span class='ocr_line' id='line_1_14' title="bbox 216 1825 1339 1912; baseline -0.002 -16"><span class='ocrx_word' id='word_1_102' title='bbox 216 1829 345 1895; x_wconf 91' lang='lat' dir='ltr'>dialecti</span> <span class='ocrx_word' id='word_1_103' title='bbox 373 1828 556 1911; x_wconf 86' lang='lat' dir='ltr'>viguerunt,</span> <span class='ocrx_word' id='word_1_104' title='bbox 585 1825 619 1890; x_wconf 94' lang='lat' dir='ltr'>in</span> <span class='ocrx_word' id='word_1_105' title='bbox 642 1825 825 1892; x_wconf 88' lang='lat' dir='ltr'>universum</span> <span class='ocrx_word' id='word_1_106' title='bbox 853 1827 1018 1911; x_wconf 80' lang='lat' dir='ltr'>scripsisse</span> <span class='ocrx_word' id='word_1_107' title='bbox 1040 1828 1218 1912; x_wconf 88' lang='lat' dir='ltr'>videantur,</span> <span class='ocrx_word' id='word_1_108' title='bbox 1248 1831 1339 1895; x_wconf 90' lang='lat' dir='ltr'>sicuti</span> 
     </span>
     <span class='ocr_line' id='line_1_15' title="bbox 214 1923 1340 2011; baseline 0 -20"><span class='ocrx_word' id='word_1_109' title='bbox 214 1925 480 2011; x_wconf 88' lang='lat' dir='ltr'>pronuntiabant,</span> <span class='ocrx_word' id='word_1_110' title='bbox 511 1923 689 1989; x_wconf 89' lang='lat' dir='ltr'>inauditum</span> <span class='ocrx_word' id='word_1_111' title='bbox 719 1943 790 1990; x_wconf 90' lang='lat' dir='ltr'>csse</span> <span class='ocrx_word' id='word_1_112' title='bbox 818 1924 972 2006; x_wconf 89' lang='lat' dir='ltr'>concedo,</span> <span class='ocrx_word' id='word_1_113' title='bbox 1003 1926 1149 1994; x_wconf 88' lang='lat' dir='ltr'>Lacones</span> <span class='ocrx_word' id='word_1_114' title='bbox 1178 1946 1235 2011; x_wconf 90' lang='lat' dir='ltr'>per</span> <span class='ocrx_word' id='word_1_115' title='bbox 1263 1949 1340 1992; x_wconf 91' lang='lat' dir='ltr'>non-</span> 
     </span>
     <span class='ocr_line' id='line_1_16' title="bbox 215 2021 1340 2109; baseline 0 -20"><span class='ocrx_word' id='word_1_116' title='bbox 215 2024 307 2091; x_wconf 90' lang='lat' dir='ltr'>nulla</span> <span class='ocrx_word' id='word_1_117' title='bbox 329 2023 460 2089; x_wconf 87' lang='lat' dir='ltr'>saecula</span> <span class='ocrx_word' id='word_1_118' title='bbox 482 2021 659 2087; x_wconf 91' lang='lat' dir='ltr'>obsoletam</span> <span class='ocrx_word' id='word_1_119' title='bbox 685 2021 872 2103; x_wconf 88' lang='lat' dir='ltr'>scripturam</span> <span class='ocrx_word' id='word_1_120' title='bbox 896 2043 1059 2108; x_wconf 85' lang='lat' dir='ltr'>servasse;</span> <span class='ocrx_word' id='word_1_121' title='bbox 1088 2045 1145 2109; x_wconf 91' lang='lat' dir='ltr'>pro</span> <span class='ocrx_word' id='word_1_122' title='bbox 1170 2048 1191 2089; x_wconf 91' lang='grc' dir='ltr'>σ</span> <span class='ocrx_word' id='word_1_123' title='bbox 1212 2024 1340 2108; x_wconf 89' lang='lat' dir='ltr'>quidem</span> 
     </span>
     <span class='ocr_line' id='line_1_17' title="bbox 210 2105 1341 2206; baseline 0 -18"><span class='ocrx_word' id='word_1_124' title='bbox 210 2105 322 2188; x_wconf 74' lang='lat' dir='ltr'>&#39;sarim</span> <span class='ocrx_word' id='word_1_125' title='bbox 363 2141 441 2187; x_wconf 91' lang='lat' dir='ltr'>sono</span> <span class='ocrx_word' id='word_1_126' title='bbox 475 2125 595 2183; x_wconf 90' lang='lat' dir='ltr'>mutato</span> <span class='ocrx_word' id='word_1_127' title='bbox 628 2119 661 2182; x_wconf 96' lang='lat' dir='ltr'>in</span> <span class='ocrx_word' id='word_1_128' title='bbox 698 2119 799 2184; x_wconf 86' lang='lat' dir='ltr'>titulis</span> <span class='ocrx_word' id='word_1_129' title='bbox 826 2140 993 2204; x_wconf 87' lang='lat' dir='ltr'>apparere</span> <span class='ocrx_word' id='word_1_130' title='bbox 1029 2121 1174 2190; x_wconf 84' lang='lat' dir='ltr'>videmus</span> <span class='ocrx_word' id='word_1_131' title='bbox 1211 2123 1341 2206; x_wconf 88' lang='lat' dir='ltr'>spiritus</span> 
     </span>
     <span class='ocr_line' id='line_1_18' title="bbox 216 2211 1341 2306; baseline 0 -21"><span class='ocrx_word' id='word_1_132' title='bbox 216 2220 358 2301; x_wconf 84' lang='lat' dir='ltr'>signum:</span> <span class='ocrx_word' id='word_1_133' title='bbox 383 2215 513 2302; x_wconf 77' lang='grc' dir='ltr'><em>ἐποίηὲ,</em></span> <span class='ocrx_word' id='word_1_134' title='bbox 537 2214 659 2294; x_wconf 75' lang='lat' dir='ltr'>introi,</span> <span class='ocrx_word' id='word_1_135' title='bbox 684 2211 812 2295; x_wconf 79' lang='grc' dir='ltr'><strong><em>νικάᾶς,</em></strong></span> <span class='ocrx_word' id='word_1_136' title='bbox 834 2217 1075 2306; x_wconf 71' lang='lat' dir='ltr'>³Aypiorpcrog</span> <span class='ocrx_word' id='word_1_137' title='bbox 1097 2222 1172 2287; x_wconf 93' lang='lat' dir='ltr'>alia.</span> <span class='ocrx_word' id='word_1_138' title='bbox 1213 2221 1256 2286; x_wconf 86' lang='lat' dir='ltr'>At</span> <span class='ocrx_word' id='word_1_139' title='bbox 1277 2241 1341 2285; x_wconf 91' lang='lat' dir='ltr'>non</span> 
     </span>
     <span class='ocr_line' id='line_1_19' title="bbox 175 2312 1341 2402; baseline 0.003 -24"><span class='ocrx_word' id='word_1_140' title='bbox 175 2358 179 2366; x_wconf 72' lang='lat'>.</span> <span class='ocrx_word' id='word_1_141' title='bbox 216 2334 346 2398; x_wconf 89' lang='lat' dir='ltr'>prorsus</span> <span class='ocrx_word' id='word_1_142' title='bbox 368 2332 472 2395; x_wconf 88' lang='lat' dir='ltr'>aequa</span> <span class='ocrx_word' id='word_1_143' title='bbox 498 2312 592 2379; x_wconf 83' lang='lat' dir='ltr'>fuerit</span> <span class='ocrx_word' id='word_1_144' title='bbox 614 2312 727 2377; x_wconf 90' lang='lat' dir='ltr'>barum</span> <span class='ocrx_word' id='word_1_145' title='bbox 751 2313 883 2390; x_wconf 89' lang='lat' dir='ltr'>duarum</span> <span class='ocrx_word' id='word_1_146' title='bbox 906 2319 1116 2382; x_wconf 88' lang='lat' dir='ltr'>mutationum</span> <span class='ocrx_word' id='word_1_147' title='bbox 1138 2319 1236 2402; x_wconf 90' lang='lat' dir='ltr'>ratio;</span> <span class='ocrx_word' id='word_1_148' title='bbox 1266 2339 1341 2382; x_wconf 89' lang='lat' dir='ltr'>nam</span> 
     </span>
     <span class='ocr_line' id='line_1_20' title="bbox 217 2409 1377 2495; baseline 0.001 -17"><span class='ocrx_word' id='word_1_149' title='bbox 217 2413 243 2479; x_wconf 88' lang='lat' dir='ltr'>si</span> <span class='ocrx_word' id='word_1_150' title='bbox 266 2413 313 2476; x_wconf 94' lang='lat' dir='ltr'>illi</span> <span class='ocrx_word' id='word_1_151' title='bbox 337 2433 357 2476; x_wconf 92' lang='grc' dir='ltr'>σ</span> <span class='ocrx_word' id='word_1_152' title='bbox 379 2431 437 2494; x_wconf 92' lang='lat' dir='ltr'>pro</span> <span class='ocrx_word' id='word_1_153' title='bbox 460 2414 487 2472; x_wconf 72' lang='grc' dir='ltr'><em>θ</em></span> <span class='ocrx_word' id='word_1_154' title='bbox 509 2409 664 2491; x_wconf 87' lang='lat' dir='ltr'>majorem</span> <span class='ocrx_word' id='word_1_155' title='bbox 685 2415 827 2476; x_wconf 87' lang='lat' dir='ltr'>aetatem</span> <span class='ocrx_word' id='word_1_156' title='bbox 848 2412 1031 2495; x_wconf 85' lang='lat' dir='ltr'>tribuimus,</span> <span class='ocrx_word' id='word_1_157' title='bbox 1059 2435 1080 2478; x_wconf 91' lang='grc' dir='ltr'>σ</span> <span class='ocrx_word' id='word_1_158' title='bbox 1101 2421 1255 2481; x_wconf 90' lang='lat' dir='ltr'>mutatum</span> <span class='ocrx_word' id='word_1_159' title='bbox 1279 2435 1299 2479; x_wconf 92' lang='lat' dir='ltr'>a</span> <span class='ocrx_word' id='word_1_160' title='bbox 1323 2436 1343 2479; x_wconf 90' lang='grc' dir='ltr'>σ</span> <span class='ocrx_word' id='word_1_161' title='bbox 1374 2457 1377 2465; x_wconf 66' lang='lat'>.</span> 
     </span>
     <span class='ocr_line' id='line_1_21' title="bbox 217 2507 1343 2594; baseline 0.002 -19"><span class='ocrx_word' id='word_1_162' title='bbox 217 2509 392 2591; x_wconf 89' lang='lat' dir='ltr'>antiquitus</span> <span class='ocrx_word' id='word_1_163' title='bbox 406 2512 534 2574; x_wconf 89' lang='lat' dir='ltr'>servato</span> <span class='ocrx_word' id='word_1_164' title='bbox 551 2507 710 2572; x_wconf 88' lang='lat' dir='ltr'>diversum</span> <span class='ocrx_word' id='word_1_165' title='bbox 727 2507 824 2592; x_wconf 88' lang='lat' dir='ltr'>fnisse</span> <span class='ocrx_word' id='word_1_166' title='bbox 839 2509 1044 2574; x_wconf 88' lang='lat' dir='ltr'>statuendum</span> <span class='ocrx_word' id='word_1_167' title='bbox 1060 2517 1117 2591; x_wconf 90' lang='lat' dir='ltr'>est,</span> <span class='ocrx_word' id='word_1_168' title='bbox 1137 2530 1208 2576; x_wconf 90' lang='lat' dir='ltr'>cnm</span> <span class='ocrx_word' id='word_1_169' title='bbox 1230 2518 1343 2594; x_wconf 88' lang='lat' dir='ltr'>postea</span> 
     </span>
    </p>
   </div>
   <div class='ocr_carea' id='block_1_5' title="bbox 108 2605 1342 2688">
    <p class='ocr_par' dir='ltr' id='par_1_5' title="bbox 108 2605 1342 2688">
     <span class='ocr_line' id='line_1_22' title="bbox 108 2605 1342 2688; baseline 0.001 -17"><span class='ocrx_word' id='word_1_170' title='bbox 108 2641 109 2644; x_wconf 17' lang='grc' dir='ltr'>π</span> <span class='ocrx_word' id='word_1_171' title='bbox 210 2627 282 2672; x_wconf 51' lang='lat' dir='ltr'>‘non</span> <span class='ocrx_word' id='word_1_172' title='bbox 305 2625 408 2688; x_wconf 87' lang='lat' dir='ltr'>aeque</span> <span class='ocrx_word' id='word_1_173' title='bbox 429 2606 464 2670; x_wconf 92' lang='lat' dir='ltr'>in</span> <span class='ocrx_word' id='word_1_174' title='bbox 487 2605 631 2688; x_wconf 88' lang='lat' dir='ltr'>spiritum</span> <span class='ocrx_word' id='word_1_175' title='bbox 652 2605 823 2687; x_wconf 89' lang='lat' dir='ltr'>transierit,</span> <span class='ocrx_word' id='word_1_176' title='bbox 847 2614 879 2670; x_wconf 91' lang='lat' dir='ltr'>et</span> <span class='ocrx_word' id='word_1_177' title='bbox 894 2607 1019 2673; x_wconf 87' lang='lat' dir='ltr'>ridetur</span> <span class='ocrx_word' id='word_1_178' title='bbox 1035 2609 1208 2674; x_wconf 90' lang='lat' dir='ltr'>verisimile</span> <span class='ocrx_word' id='word_1_179' title='bbox 1230 2628 1342 2674; x_wconf 88' lang='lat' dir='ltr'>sonum</span> 
     </span>
    </p>
   </div>
   <div class='ocr_carea' id='block_1_6' title="bbox 218 2703 1413 4156">
    <p class='ocr_par' dir='ltr' id='par_1_6' title="bbox 218 2703 1413 4156">
     <span class='ocr_line' id='line_1_23' title="bbox 218 2703 1344 2790; baseline 0.003 -21"><span class='ocrx_word' id='word_1_180' title='bbox 218 2704 426 2786; x_wconf 80' lang='lat' dir='ltr'>Neograecae</span> <span class='ocrx_word' id='word_1_181' title='bbox 454 2707 483 2766; x_wconf 75' lang='grc' dir='ltr'><em>θ</em></span> <span class='ocrx_word' id='word_1_182' title='bbox 516 2703 684 2783; x_wconf 88' lang='lat' dir='ltr'>babuisse,</span> <span class='ocrx_word' id='word_1_183' title='bbox 718 2723 811 2785; x_wconf 88' lang='lat' dir='ltr'>quern</span> <span class='ocrx_word' id='word_1_184' title='bbox 845 2704 959 2787; x_wconf 87' lang='lat' dir='ltr'>reliqui</span> <span class='ocrx_word' id='word_1_185' title='bbox 993 2705 1107 2772; x_wconf 80' lang='lat' dir='ltr'>Gracci</span> <span class='ocrx_word' id='word_1_186' title='bbox 1139 2707 1239 2771; x_wconf 92' lang='lat' dir='ltr'>multo</span> <span class='ocrx_word' id='word_1_187' title='bbox 1272 2715 1344 2790; x_wconf 89' lang='lat' dir='ltr'>post</span> 
     </span>
     <span class='ocr_line' id='line_1_24' title="bbox 218 2799 1344 2885; baseline 0.002 -19"><span class='ocrx_word' id='word_1_188' title='bbox 218 2819 429 2885; x_wconf 87' lang='lat' dir='ltr'>assumpsere.</span> <span class='ocrx_word' id='word_1_189' title='bbox 470 2799 508 2865; x_wconf 85' lang='lat' dir='ltr'>cl.</span> <span class='ocrx_word' id='word_1_190' title='bbox 539 2799 638 2865; x_wconf 71' lang='lat' dir='ltr'>Curtii</span> <span class='ocrx_word' id='word_1_191' title='bbox 668 2799 780 2866; x_wconf 69' lang='lat' dir='ltr'>birds.i</span> <span class='ocrx_word' id='word_1_192' title='bbox 803 2804 875 2867; x_wconf 85' lang='grc'><strong>416.</strong></span> <span class='ocrx_word' id='word_1_193' title='bbox 921 2804 989 2868; x_wconf 90' lang='lat' dir='ltr'>Hoc</span> <span class='ocrx_word' id='word_1_194' title='bbox 1018 2823 1093 2870; x_wconf 85' lang='lat' dir='ltr'>vero</span> <span class='ocrx_word' id='word_1_195' title='bbox 1123 2805 1259 2871; x_wconf 87' lang='lat' dir='ltr'>fortasse</span> <span class='ocrx_word' id='word_1_196' title='bbox 1287 2805 1344 2868; x_wconf 92' lang='lat' dir='ltr'>im-</span> 
     </span>
     <span class='ocr_line' id='line_1_25' title="bbox 219 2898 1344 2986; baseline 0.002 -21"><span class='ocrx_word' id='word_1_197' title='bbox 219 2900 356 2983; x_wconf 84' lang='lat' dir='ltr'>pedivit,</span> <span class='ocrx_word' id='word_1_198' title='bbox 381 2918 443 2982; x_wconf 87' lang='lat' dir='ltr'>quc</span> <span class='ocrx_word' id='word_1_199' title='bbox 466 2898 571 2965; x_wconf 87' lang='lat' dir='ltr'>minus</span> <span class='ocrx_word' id='word_1_200' title='bbox 594 2900 739 2966; x_wconf 86' lang='lat' dir='ltr'>Lacones</span> <span class='ocrx_word' id='word_1_201' title='bbox 761 2899 831 2966; x_wconf 90' lang='lat' dir='ltr'>soni</span> <span class='ocrx_word' id='word_1_202' title='bbox 854 2901 1062 2968; x_wconf 82' lang='lat' dir='ltr'>mutationem</span> <span class='ocrx_word' id='word_1_203' title='bbox 1085 2903 1240 2986; x_wconf 90' lang='lat' dir='ltr'>scriptura</span> <span class='ocrx_word' id='word_1_204' title='bbox 1262 2903 1344 2967; x_wconf 93' lang='lat' dir='ltr'>indi-</span> 
     </span>
     <span class='ocr_line' id='line_1_26' title="bbox 221 2995 1345 3082; baseline 0.003 -19"><span class='ocrx_word' id='word_1_205' title='bbox 221 3003 340 3064; x_wconf 89' lang='lat' dir='ltr'>carent.</span> <span class='ocrx_word' id='word_1_206' title='bbox 371 2997 477 3063; x_wconf 84' lang='lat' dir='ltr'>Aliam</span> <span class='ocrx_word' id='word_1_207' title='bbox 495 2995 712 3063; x_wconf 82' lang='lat' dir='ltr'>difficultatem</span> <span class='ocrx_word' id='word_1_208' title='bbox 735 2999 769 3063; x_wconf 93' lang='lat' dir='ltr'>in</span> <span class='ocrx_word' id='word_1_209' title='bbox 792 3017 829 3064; x_wconf 92' lang='lat' dir='ltr'>eo</span> <span class='ocrx_word' id='word_1_210' title='bbox 852 2998 1008 3079; x_wconf 86' lang='lat' dir='ltr'>invenias,</span> <span class='ocrx_word' id='word_1_211' title='bbox 1032 3000 1117 3082; x_wconf 87' lang='lat' dir='ltr'>quod</span> <span class='ocrx_word' id='word_1_212' title='bbox 1133 3001 1173 3065; x_wconf 89' lang='lat' dir='ltr'>ab</span> <span class='ocrx_word' id='word_1_213' title='bbox 1190 3001 1345 3067; x_wconf 81' lang='lat' dir='ltr'>Alcmana</span> 
     </span>
     <span class='ocr_line' id='line_1_27' title="bbox 219 3096 1343 3182; baseline 0 -21"><span class='ocrx_word' id='word_1_214' title='bbox 219 3117 284 3161; x_wconf 92' lang='lat' dir='ltr'>non</span> <span class='ocrx_word' id='word_1_215' title='bbox 307 3115 409 3178; x_wconf 88' lang='lat' dir='ltr'>aeque</span> <span class='ocrx_word' id='word_1_216' title='bbox 430 3103 526 3179; x_wconf 90' lang='lat' dir='ltr'>atque</span> <span class='ocrx_word' id='word_1_217' title='bbox 547 3096 581 3160; x_wconf 95' lang='lat' dir='ltr'>in</span> <span class='ocrx_word' id='word_1_218' title='bbox 603 3096 864 3180; x_wconf 87' lang='lat' dir='ltr'>inscriptioni-bus</span> <span class='ocrx_word' id='word_1_219' title='bbox 886 3096 1011 3178; x_wconf 83' lang='lat' dir='ltr'>signum</span> <span class='ocrx_word' id='word_1_220' title='bbox 1029 3099 1069 3179; x_wconf 67' lang='grc' dir='ltr'>Θ</span> <span class='ocrx_word' id='word_1_221' title='bbox 1084 3097 1262 3163; x_wconf 89' lang='lat' dir='ltr'>adhibitum</span> <span class='ocrx_word' id='word_1_222' title='bbox 1286 3105 1343 3182; x_wconf 83' lang='lat' dir='ltr'>est,</span> 
     </span>
     <span class='ocr_line' id='line_1_28' title="bbox 221 3194 1346 3277; baseline 0.004 -20"><span class='ocrx_word' id='word_1_223' title='bbox 221 3211 305 3276; x_wconf 90' lang='lat' dir='ltr'>qnae</span> <span class='ocrx_word' id='word_1_224' title='bbox 326 3211 378 3258; x_wconf 88' lang='lat' dir='ltr'>res</span> <span class='ocrx_word' id='word_1_225' title='bbox 400 3194 545 3277; x_wconf 86' lang='lat' dir='ltr'>expediri</span> <span class='ocrx_word' id='word_1_226' title='bbox 560 3215 625 3258; x_wconf 91' lang='lat' dir='ltr'>non</span> <span class='ocrx_word' id='word_1_227' title='bbox 648 3200 753 3277; x_wconf 90' lang='lat' dir='ltr'>potest</span> <span class='ocrx_word' id='word_1_228' title='bbox 769 3194 831 3260; x_wconf 93' lang='lat' dir='ltr'>nisi</span> <span class='ocrx_word' id='word_1_229' title='bbox 853 3201 982 3277; x_wconf 87' lang='lat' dir='ltr'>poetam</span> <span class='ocrx_word' id='word_1_230' title='bbox 996 3195 1158 3261; x_wconf 91' lang='lat' dir='ltr'>Laconica</span> <span class='ocrx_word' id='word_1_231' title='bbox 1179 3196 1346 3261; x_wconf 84' lang='lat' dir='ltr'>literatura</span> 
     </span>
     <span class='ocr_line' id='line_1_29' title="bbox 221 3289 1345 3374; baseline 0.004 -21"><span class='ocrx_word' id='word_1_232' title='bbox 221 3289 351 3354; x_wconf 91' lang='lat' dir='ltr'>omnino</span> <span class='ocrx_word' id='word_1_233' title='bbox 381 3291 450 3355; x_wconf 86' lang='lat' dir='ltr'>non&#39;</span> <span class='ocrx_word' id='word_1_234' title='bbox 474 3311 564 3356; x_wconf 89' lang='lat' dir='ltr'>usum</span> <span class='ocrx_word' id='word_1_235' title='bbox 595 3309 665 3356; x_wconf 86' lang='lat' dir='ltr'>esse</span> <span class='ocrx_word' id='word_1_236' title='bbox 687 3297 772 3357; x_wconf 86' lang='lat' dir='ltr'>recte</span> <span class='ocrx_word' id='word_1_237' title='bbox 794 3309 891 3373; x_wconf 90' lang='lat' dir='ltr'>supra</span> <span class='ocrx_word' id='word_1_238' title='bbox 913 3291 1116 3374; x_wconf 88' lang='lat' dir='ltr'>conjecimus.</span> <span class='ocrx_word' id='word_1_239' title='bbox 1161 3291 1225 3358; x_wconf 85' lang='lat' dir='ltr'>Sed</span> <span class='ocrx_word' id='word_1_240' title='bbox 1249 3294 1345 3358; x_wconf 89' lang='lat' dir='ltr'>ctiam</span> 
     </span>
     <span class='ocr_line' id='line_1_30' title="bbox 221 3386 1345 3456; baseline 0.002 -4"><span class='ocrx_word' id='word_1_241' title='bbox 221 3386 381 3452; x_wconf 89' lang='lat' dir='ltr'>contraria</span> <span class='ocrx_word' id='word_1_242' title='bbox 402 3386 579 3452; x_wconf 88' lang='lat' dir='ltr'>Kircbhoifi</span> <span class='ocrx_word' id='word_1_243' title='bbox 608 3389 770 3454; x_wconf 87' lang='lat' dir='ltr'>sententia</span> <span class='ocrx_word' id='word_1_244' title='bbox 795 3389 930 3453; x_wconf 91' lang='lat' dir='ltr'>multum</span> <span class='ocrx_word' id='word_1_245' title='bbox 958 3390 1057 3456; x_wconf 88' lang='lat' dir='ltr'>habet</span> <span class='ocrx_word' id='word_1_246' title='bbox 1079 3389 1276 3455; x_wconf 88' lang='lat' dir='ltr'>difficultatis</span> <span class='ocrx_word' id='word_1_247' title='bbox 1299 3397 1345 3454; x_wconf 89' lang='lat' dir='ltr'>at-</span> 
     </span>
     <span class='ocr_line' id='line_1_31' title="bbox 221 3483 1346 3570; baseline 0.005 -22"><span class='ocrx_word' id='word_1_248' title='bbox 221 3503 283 3566; x_wconf 88' lang='lat' dir='ltr'>que</span> <span class='ocrx_word' id='word_1_249' title='bbox 304 3483 410 3567; x_wconf 89' lang='lat' dir='ltr'>posita</span> <span class='ocrx_word' id='word_1_250' title='bbox 432 3490 480 3549; x_wconf 90' lang='lat' dir='ltr'>est</span> <span class='ocrx_word' id='word_1_251' title='bbox 500 3485 534 3548; x_wconf 94' lang='lat' dir='ltr'>in</span> <span class='ocrx_word' id='word_1_252' title='bbox 550 3486 742 3568; x_wconf 91' lang='lat' dir='ltr'>conjectura,</span> <span class='ocrx_word' id='word_1_253' title='bbox 766 3486 920 3569; x_wconf 88' lang='lat' dir='ltr'>adquam</span> <span class='ocrx_word' id='word_1_254' title='bbox 941 3495 1017 3552; x_wconf 92' lang='lat' dir='ltr'>tunc</span> <span class='ocrx_word' id='word_1_255' title='bbox 1033 3487 1160 3552; x_wconf 92' lang='lat' dir='ltr'>demum</span> <span class='ocrx_word' id='word_1_256' title='bbox 1176 3489 1346 3570; x_wconf 82' lang='lat' dir='ltr'>confugere</span> 
     </span>
     <span class='ocr_line' id='line_1_32' title="bbox 219 3579 1346 3671; baseline 0.003 -25"><span class='ocrx_word' id='word_1_257' title='bbox 219 3581 305 3662; x_wconf 89' lang='lat' dir='ltr'>licet,</span> <span class='ocrx_word' id='word_1_258' title='bbox 329 3600 399 3645; x_wconf 91' lang='lat' dir='ltr'>cum</span> <span class='ocrx_word' id='word_1_259' title='bbox 423 3579 491 3646; x_wconf 85' lang='lat' dir='ltr'>fieri</span> <span class='ocrx_word' id='word_1_260' title='bbox 514 3603 578 3646; x_wconf 90' lang='lat' dir='ltr'>non</span> <span class='ocrx_word' id='word_1_261' title='bbox 601 3589 721 3666; x_wconf 88' lang='lat' dir='ltr'>potest,</span> <span class='ocrx_word' id='word_1_262' title='bbox 746 3591 867 3651; x_wconf 89' lang='lat' dir='ltr'>utrem</span> <span class='ocrx_word' id='word_1_263' title='bbox 890 3586 984 3671; x_wconf 83' lang='lat' dir='ltr'>aliter</span> <span class='ocrx_word' id='word_1_264' title='bbox 1006 3585 1211 3668; x_wconf 86' lang='lat' dir='ltr'>explicemus.</span> <span class='ocrx_word' id='word_1_265' title='bbox 1257 3585 1346 3650; x_wconf 80' lang='lat' dir='ltr'>Corn-</span> 
     </span>
     <span class='ocr_line' id='line_1_33' title="bbox 223 3679 1346 3772; baseline 0.002 -27"><span class='ocrx_word' id='word_1_266' title='bbox 223 3687 316 3764; x_wconf 91' lang='lat' dir='ltr'>parat</span> <span class='ocrx_word' id='word_1_267' title='bbox 331 3679 379 3744; x_wconf 92' lang='lat' dir='ltr'>vir</span> <span class='ocrx_word' id='word_1_268' title='bbox 395 3679 597 3761; x_wconf 88' lang='lat' dir='ltr'>doctissimus</span> <span class='ocrx_word' id='word_1_269' title='bbox 613 3679 772 3748; x_wconf 82' lang='lat' dir='ltr'>Corinnae</span> <span class='ocrx_word' id='word_1_270' title='bbox 787 3683 960 3748; x_wconf 90' lang='lat' dir='ltr'>carminum</span> <span class='ocrx_word' id='word_1_271' title='bbox 984 3683 1137 3765; x_wconf 89' lang='lat' dir='ltr'>habitum,</span> <span class='ocrx_word' id='word_1_272' title='bbox 1161 3682 1218 3772; x_wconf 76' lang='lat' dir='ltr'>scd</span> <span class='ocrx_word' id='word_1_273' title='bbox 1235 3703 1346 3749; x_wconf 90' lang='lat' dir='ltr'>vereor</span> 
     </span>
     <span class='ocr_line' id='line_1_34' title="bbox 223 3776 1347 3864; baseline 0.003 -21"><span class='ocrx_word' id='word_1_274' title='bbox 223 3798 265 3844; x_wconf 91' lang='lat' dir='ltr'>ne</span> <span class='ocrx_word' id='word_1_275' title='bbox 292 3777 362 3862; x_wconf 77' lang='lat' dir='ltr'>ejus</span> <span class='ocrx_word' id='word_1_276' title='bbox 390 3776 534 3843; x_wconf 86' lang='lat' dir='ltr'>condicio</span> <span class='ocrx_word' id='word_1_277' title='bbox 564 3799 629 3843; x_wconf 92' lang='lat' dir='ltr'>non</span> <span class='ocrx_word' id='word_1_278' title='bbox 658 3778 771 3845; x_wconf 88' lang='lat' dir='ltr'>eadem</span> <span class='ocrx_word' id='word_1_279' title='bbox 801 3782 842 3846; x_wconf 88' lang='lat' dir='ltr'>sit</span> <span class='ocrx_word' id='word_1_280' title='bbox 869 3787 965 3864; x_wconf 90' lang='lat' dir='ltr'>atquo</span> <span class='ocrx_word' id='word_1_281' title='bbox 992 3788 1110 3847; x_wconf 92' lang='lat' dir='ltr'>nostra.</span> <span class='ocrx_word' id='word_1_282' title='bbox 1159 3781 1219 3846; x_wconf 86' lang='lat' dir='ltr'>Hic</span> <span class='ocrx_word' id='word_1_283' title='bbox 1248 3781 1347 3848; x_wconf 90' lang='lat' dir='ltr'>critici</span> 
     </span>
     <span class='ocr_line' id='line_1_35' title="bbox 224 3875 1347 3963; baseline 0.004 -22"><span class='ocrx_word' id='word_1_284' title='bbox 224 3876 294 3941; x_wconf 91' lang='lat' dir='ltr'>sine</span> <span class='ocrx_word' id='word_1_285' title='bbox 325 3876 421 3940; x_wconf 93' lang='lat' dir='ltr'>dubio</span> <span class='ocrx_word' id='word_1_286' title='bbox 451 3875 542 3942; x_wconf 91' lang='lat' dir='ltr'>libris</span> <span class='ocrx_word' id='word_1_287' title='bbox 571 3876 603 3941; x_wconf 95' lang='lat' dir='ltr'>in</span> <span class='ocrx_word' id='word_1_288' title='bbox 627 3878 759 3944; x_wconf 89' lang='lat' dir='ltr'>Boeotia</span> <span class='ocrx_word' id='word_1_289' title='bbox 786 3879 953 3963; x_wconf 87' lang='lat' dir='ltr'>descriptis</span> <span class='ocrx_word' id='word_1_290' title='bbox 976 3879 1169 3960; x_wconf 88' lang='lat' dir='ltr'>nitebantur,</span> <span class='ocrx_word' id='word_1_291' title='bbox 1200 3879 1253 3960; x_wconf 91' lang='lat' dir='ltr'>qui</span> <span class='ocrx_word' id='word_1_292' title='bbox 1282 3900 1347 3946; x_wconf 92' lang='lat' dir='ltr'>una</span> 
     </span>
     <span class='ocr_line' id='line_1_36' title="bbox 224 3974 1413 4061; baseline 0.003 -24"><span class='ocrx_word' id='word_1_293' title='bbox 224 3991 295 4037; x_wconf 91' lang='lat' dir='ltr'>cum</span> <span class='ocrx_word' id='word_1_294' title='bbox 317 3975 429 4056; x_wconf 84' lang='lat' dir='ltr'>lingua</span> <span class='ocrx_word' id='word_1_295' title='bbox 451 3974 618 4055; x_wconf 90' lang='lat' dir='ltr'>paullatim</span> <span class='ocrx_word' id='word_1_296' title='bbox 635 3975 740 4040; x_wconf 89' lang='lat' dir='ltr'>varias</span> <span class='ocrx_word' id='word_1_297' title='bbox 762 3978 955 4042; x_wconf 89' lang='lat' dir='ltr'>mutationes</span> <span class='ocrx_word' id='word_1_298' title='bbox 977 3977 1120 4059; x_wconf 85' lang='lat' dir='ltr'>perpessi</span> <span class='ocrx_word' id='word_1_299' title='bbox 1136 3985 1235 4057; x_wconf 89' lang='lat' dir='ltr'>erant,</span> <span class='ocrx_word' id='word_1_300' title='bbox 1259 3977 1346 4061; x_wconf 88' lang='lat' dir='ltr'>apud</span> <span class='ocrx_word' id='word_1_301' title='bbox 1409 3975 1413 3983; x_wconf 86' lang='lat'>&#39;</span> 
     </span>
     <span class='ocr_line' id='line_1_37' title="bbox 225 4070 1347 4156; baseline 0.007 -24"><span class='ocrx_word' id='word_1_302' title='bbox 225 4070 412 4137; x_wconf 81' lang='lat' dir='ltr'>Alcmanem</span> <span class='ocrx_word' id='word_1_303' title='bbox 442 4092 519 4140; x_wconf 89' lang='lat' dir='ltr'>vero</span> <span class='ocrx_word' id='word_1_304' title='bbox 550 4072 665 4156; x_wconf 88' lang='lat' dir='ltr'>aliquis</span> <span class='ocrx_word' id='word_1_305' title='bbox 694 4076 920 4155; x_wconf 83' lang='lat' dir='ltr'>grammaticus</span> <span class='ocrx_word' id='word_1_306' title='bbox 944 4074 1014 4141; x_wconf 90' lang='lat' dir='ltr'>sine</span> <span class='ocrx_word' id='word_1_307' title='bbox 1043 4073 1204 4141; x_wconf 89' lang='lat' dir='ltr'>codicibus</span> <span class='ocrx_word' id='word_1_308' title='bbox 1227 4093 1267 4140; x_wconf 84' lang='lat' dir='ltr'>ex</span> <span class='ocrx_word' id='word_1_309' title='bbox 1289 4095 1347 4140; x_wconf 89' lang='lat' dir='ltr'>sua</span> 
     </span>
    </p>
   </div>
   <div class='ocr_carea' id='block_1_7' title="bbox 0 0 1637 4948">
    <p class='ocr_par' dir='ltr' id='par_1_7' title="bbox 0 0 1637 4948">
     <span class='ocr_line' id='line_1_38' title="bbox 0 0 1637 4948; baseline 0 0"><span class='ocrx_word' id='word_1_310' title='bbox 0 0 1637 4948; x_wconf 95' lang='lat' dir='ltr'> </span> 
     </span>
    </p>
   </div>
  </div>
 </body>
</html>
