3218 4934
611 473 732 531 Schedae
749 474 950 542 grammaticae.
1306 467 1345 528 75

218 645 469 729 alell-&duom
503 645 708 734 ῥάγ-θ-τρον,
741 644 959 731 eido-awos,-
998 643 1220 728 θέμ-ι-θλον,
1255 641 1347 709 dcl-a-

218 741 314 824 θλαν,
336 743 544 830 yda-suillos.

304 841 338 908 O.
382 842 542 909 Sullixo
565 867 689 927 -τρα-
711 846 885 910 utudtur
905 840 1027 908 formae
1050 841 1127 907 hae:

307 944 337 1019 1)
372 939 570 1024 γε’σ-τρα·
599 938 743 1026 στολή,

304 1041 335 1116 2)
372 1035 595 1122 ἆγεστρατόν·
633 1036 825 1121 κάλαντραν.
875 1036 1024 1104 Glossam
1053 1036 1138 1103 euim
1168 1037 1214 1102 eie
1246 1053 1348 1102 eorre-

218 1136 336 1202 xerim:
363 1131 458 1219 ἀ-γὲ
469 1153 612 1221 σ-τρα·
628 1135 673 1200 τὸ
689 1134 944 1219 κάλαιττρον.
967 1133 1167 1217 odiumque,
1183 1132 1348 1217 quodiam

222 1231 399 1300 Sohmidtio
421 1234 558 1317 placuit,
580 1233 667 1299 idem
690 1232 857 1316 signifieat,
880 1234 967 1316 quod
989 1231 1154 1315 κάλυμμα,
1177 1229 1348 1316 καλυπτῆ-

221 1353 305 1416 ριαν,
329 1327 518 1415 latomos,
535 1336 567 1398 et
588 1330 677 1414 apud
699 1330 895 1416 Hesychium
917 1331 1022 1415 ipsum
1046 1333 1156 1415 glossa
1178 1336 1226 1396 θεῖ
1247 1325 1348 1394 κάλυ-

86 1447 88 1459 ·
219 1450 327 1511 τιτρα,
361 1447 444 1510 quae
472 1447 530 1512 per
558 1426 756 1509 καλύμματα
786 1429 975 1512 explicatur.
1019 1429 1055 1496 Si
1084 1435 1170 1495 reote
1200 1423 1347 1511 ἀγέστρα

220 1525 406 1608 soribimus,
439 1545 558 1591 novum
591 1549 613 1590 α
646 1525 815 1608 prothetioi
848 1527 1033 1610 exemplum
1065 1526 1232 1594 habemus.
1283 1523 1348 1590 Sed

220 1623 331 1706 quaeri
353 1629 473 1706 potest,
497 1623 581 1690 sitne
604 1619 625 1687 ἆ
647 1619 772 1714 γὲστρα
795 1622 979 1706 legendum,
1008 1624 1042 1689 id
1065 1622 1150 1707 quod
1171 1622 1349 1690 Schmidtio

219 1721 352 1805 placuit.

304 1819 345 1882 D.
390 1816 533 1883 Eidem
555 1816 688 1884 radioi
711 1817 958 1900 adiungitur
980 1817 1175 1884 suffixum
1198 1842 1298 1884 -το-.

308 1920 337 1994 1)
366 1912 502 1998 βαστά
518 1913 664 1993 (fortasse
678 1912 835 1999 βάστα)·
858 1909 1122 2002 ὑποδήματα.
1153 1911 1348 1982 Ἰταλιῶται.

219 2013 291 2080 Nisi
313 2031 387 2079 mes
408 2031 460 2079 me
481 2013 664 2081 oouieotura
685 2013 778 2097 fallit,
801 2011 928 2096 βάσ-τα
952 2013 1209 2107 antiquissimam
1230 2013 1349 2082 radiols

221 2111 356 2178 formam
379 2111 568 2176 asservavit.
656 2151 658 2155 -
1036 2127 1038 2132 ·

305 2212 339 2287 2)
373 2206 543 2290 βὲστοι·
578 2205 624 2273 τό
654 2206 830 2292 ἱμάτιον
860 2202 944 2273 ὑπὸ
970 2206 1208 2275 Λακώνωνι
1244 2209 1348 2278 Simili

221 2325 301 2372 veae
323 2305 472 2371 utebatur
494 2306 561 2371 alia
583 2305 750 2386 dialeetus,
773 2326 848 2372 nam
871 2306 905 2372 iu
927 2307 1034 2390 Etym.
1056 2307 1099 2372 M.
1125 2310 1195 2390 195,
1219 2312 1269 2390 46,
1294 2308 1347 2373 ubl

224 2402 359 2470 eandem
380 2403 521 2484 glossam
542 2403 655 2486 habos,
678 2403 822 2469 additur:
853 2402 886 2468 αἱ
910 2402 947 2468 dl

306 2503 338 2575 3)
372 2496 534 2581 βέτταν.

307 2601 338 2672 4)
373 2593 489 2661 ἔστα·
517 2593 749 2676 ἐνδύματα,
779 2595 865 2677 quod
891 2596 1083 2662 vocabulum
1106 2618 1163 2681 pro
1187 2597 1348 2680 digamma

221 2694 367 2778 spiritum
389 2711 538 2776 asperum
560 2693 593 2758 iu
615 2692 720 2758 fronte
742 2692 850 2758 habet.
882 2691 979 2759 (iuius
994 2694 1082 2759 voois
1096 2694 1228 2778 stirpem
1252 2694 1349 2761 etiam

221 2792 256 2857 iu
278 2789 472 2858 ἑσταιιωλία
502 2789 689 2869 (seeundum
712 2787 880 2855 Sohmidtii
908 2790 1167 2859 emendationem
1189 2793 1348 2860 Atreusio

221 2889 461 2973 comprobatam
496 2909 554 2971 pro
585 2887 703 2954 oodieis
733 2885 923 2954 ἑσταλατιια
950 2913 980 2953 κ.
1009 2912 1038 2954 τ.
1063 2889 1104 2964 λ.)
1134 2889 1240 2958 inesse
1270 2891 1348 2957 satis

222 2993 270 3054 est
291 2985 456 3054 credibile.

306 3090 338 3160 5)
375 3081 807 3161 ἑσσόι(ωθ1ἰιιεὲσσον)·
841 3079 1023 3163 ἱμάτιον.
1068 3084 1192 3170 Eodem
1214 3092 1347 3169 spectat,

222 3181 257 3246 id
279 3180 365 3263 quod
386 3181 489 3264 primo
511 3187 642 3265 aspootu
665 3200 730 3245 nou
753 3179 922 3262 probabile
944 3200 1016 3248 esse
1036 3180 1194 3265 videatur,

308 3281 339 3356 6)
379 3275 556 3342 adesos·
588 3275 777 3359 ἱμάτιον·
807 3275 889 3358 ταχὺ
912 3278 968 3342 καὶ
990 3276 1092 3362 τραχύ
1115 3277 1347 3364 περιβόλαιον.

223 3371 349 3439 τάττοι
371 3373 548 3440 Sohmldtio
571 3394 596 3440 s.
619 3393 650 3439 v.
673 3370 776 3439 ἑσσόν
799 3393 840 3440 ex
862 3373 920 3439 καὶ
941 3371 1044 3440 duodo
1068 3375 1187 3442 laetum
1210 3396 1281 3444 esse
1303 3379 1350 3443 vi·

223 3471 324 3554 detur,
354 3489 436 3552 quae
462 3488 528 3534 uon
557 3471 636 3537 satis
664 3470 842 3553 probabilis
871 3478 920 3538 ost
946 3473 1138 3540 oonieotura.
1189 3474 1348 3557 Equidem

224 3566 351 3635 κάσσαν
366 3585 407 3634 ex
423 3563 475 3646 κά,
499 3585 582 3649 quae
597 3574 646 3633 est
660 3567 763 3634 forma
778 3569 1025 3653 praepositionis
1041 3566 1127 3636 naabi
1149 3571 1347 3655 brevissima,

222 3673 255 3735 et
277 3663 379 3732 ἕσσον
407 3668 512 3731 ortum
542 3683 613 3736 esse
641 3669 729 3748 puto.
772 3665 871 3733 Plura
893 3665 934 3735 de
961 3669 1024 3735 hao
1045 3687 1080 3734 re
1102 3667 1186 3734 infra
1207 3667 1349 3754 disputa·

221 3764 349 3832 buntur.

308 3861 346 3928 Ε.
391 3857 594 3927 Suffixum
616 3878 704 3923 -σι-
725 3858 896 3928 exhibet

309 3955 418 4024 daos·
442 3953 569 4044 στολή
586 3953 731 4042 Πάφιοι.
759 3956 906 4024 Musurus
923 3955 944 4024 {1¹
951 3981 1042 4036 εσις
1057 3961 1202 4027 correxit.
1232 3963 1347 4053 Latere

224 4055 351 4124 videtur
372 4055 606 4162 substantivum
622 4051 736 4120 suffixo
750 4077 822 4120 -σι-
835 4053 1015 4140 formatum,
1037 4055 1229 4126 euius'voois
1243 4061 1347 4128 iniens
