3226 4948
289 441 351 502 368
805 444 895 515 Spless

286 616 380 698 signa
403 615 510 681 deleta
526 622 609 698 sont,
622 609 667 680 'ut
681 635 752 682 eam
768 623 952 683 constanter
973 616 1007 681 in
1029 601 1194 692 blomanis
1217 616 1411 684 carminibus

286 714 444 796 persecuti
466 732 538 780 esse
559 718 686 779 veteres
709 713 887 780 videantur.
931 715 1103 781 Recensuit
1124 715 1182 781 illa
1197 715 1322 781 Abrens
1338 715 1411 781 Phi·

287 811 339 877 lol.
356 807 485 876 XXVII
505 814 566 878 619
578 831 636 894 sq,
659 831 794 893 quocum
816 812 971 892 conferas,
994 832 1077 894 quae
1099 812 1140 877 de
1162 812 1223 876 bae
1245 831 1279 876 re
1302 812 1412 895 dispu-

284 909 367 974 tavit
395 909 525 975 Meister
554 909 644 974 stud.
673 909 717 973 IV
746 912 817 975 363.
862 910 1038 976 Memorato
1070 909 1200 991 dignum
1230 916 1294 990 est,
1325 909 1412 992 quod

287 1007 383 1072 etiam
408 1004 585 1090 ὄρσμείται
609 1009 637 1069 2.
662 1009 719 1087 25,
749 1026 831 1089 quae
854 1005 955 1073 forma
980 1013 1110 1090 propter
1134 1007 1367 1091 diphthongum
1390 1028 1412 1074 a

286 1104 446 1169 Laconica
475 1103 612 1169 dialecto
627 1095 805 1187 abhorret,
835 1104 951 1171 Dorico
973 1123 1061 1169 more
1084 1111 1210 1169 acutum
1233 1103 1346 1186 babet,
1377 1111 1413 1170 ut

286 1197 379 1281 a’r'psn
409 1207 442 1266 et
471 1197 686 1283 ἀνειρομέναι
716 1203 910 1274 omittamus.
943 1236 984 1249 ·-
1017 1191 1057 1267 In
1087 1202 1202 1269 ceteris
1224 1201 1412 1284 fragmentis

285 1297 375 1363 illam
399 1298 555 1365 rationem
578 1318 619 1364 ex
642 1299 727 1364 omni
754 1306 845 1384 parte
874 1300 1091 1384 perturbatam
1114 1319 1185 1366 esse
1207 1299 1411 1365 manifestum

286 1402 334 1462 est
356 1386 416 1462 nec
438 1397 531 1462 aliter
554 1395 621 1461 lieri
644 1397 761 1480 potuit,
793 1397 901 1480 itaque
930 1417 970 1463 ex
998 1397 1037 1462 iis
1066 1397 1133 1463 noli
1161 1415 1293 1480 sperare
1321 1396 1412 1486 aliud

286 1493 460 1576 quidquam
489 1501 520 1560 te
543 1513 614 1560 esse
638 1493 830 1576 eliciturum,
860 1495 922 1561 nisi
944 1495 1081 1577 vestigia
1103 1494 1260 1578 quaedam
1283 1494 1411 1561 fortuito

285 1597 422 1658 servata.
467 1592 579 1658 Haesit
607 1599 719 1657 contra
746 1593 910 1674 vulgarem
936 1592 1080 1674 regulam
1104 1593 1237 1659 Doricus
1258 1599 1411 1660 accentus

284 1689 319 1754 in
341 1709 420 1755 voce
447 1689 759 1771 μελισόομένσι
782 1690 820 1755 ir.
844 1693 884 1755 98
908 1692 971 1769 (Et.
994 1690 1036 1755 bl.
1059 1711 1090 1774 p.
1113 1695 1186 1756 486.
1209 1694 1258 1755 39.
1305 1689 1410 1757 Cram.

285 1787 407 1853 Anecd.
441 1788 513 1853 Par.
543 1787 589 1852 IV
618 1789 669 1853 63.
704 1790 763 1863 13).
809 1787 936 1854 Deinde
965 1784 1143 1870 Ἀλκμάν
1176 1796 1262 1854 reete
1294 1783 1412 1872 legitur
1522 1811 1528 1820 ·

285 1886 321 1950 ir.
348 1889 396 1950 17.
443 1886 492 1951 De
525 1875 624 1965 ἇμιν
658 1890 690 1950 et
724 1877 823 1965 ἆμιν
857 1891 992 1952 testatur
1025 1885 1215 1968 Apollonius
1245 1885 1285 1952 de
1318 1907 1409 1970 pron.

285 1986 357 2048 383.
383 1981 407 2044 Β
436 1981 473 2047 fr.
497 1985 546 2047 77.
578 1985 626 2048 78.
672 1981 912 2047 Ohceroboseus
941 1981 1089 2065 Epineer.
1116 1986 1141 2045 1.
1171 1986 1212 2046 94
1242 1982 1341 2049 tradit
1369 1983 1411 2051 de

285 2099 364 2144 voce
386 2077 498 2155 Α’ίαςι
528 2075 611 2142 ἀλλὰ
633 2077 672 2142 τὸ
694 2075 789 2154 Αἴας
811 2077 848 2142 τὸ
874 2073 957 2162 παρ’
980 2074 1142 2160 Ἀλκμᾶνι
1165 2077 1282 2161 ἔχομεν
1307 2102 1410 2168 σεση-

285 2179 473 2258 μειωμένον
497 2169 542 2251 ὥς
566 2175 743 2239 σνστέλλσν
760 2173 798 2238 τὸ
816 2180 851 2238 ἆ·
875 2174 1004 2252 ἐκεῖνος
1026 2174 1087 2259 γὰρ
1111 2177 1300 2243 συνέστειλε
1325 2175 1408 2243 αὐτὸ

286 2280 362 2356 ete.;
384 2274 492 2356 itaque
510 2274 617 2357 Bergk
640 2293 710 2338 cum
732 2273 894 2339 Meinekio
917 2274 1052 2339 mutavit
1073 2273 1217 2340 codicum
1238 2276 1409 2342 lectionem

285 2368 380 2448 Αἴας
403 2371 438 2437 lr.
458 2375 515 2454 683
539 2371 598 2438 sed
620 2391 694 2436 num
719 2372 892 2437 Dorienses
915 2365 1008 2448 Αἶας
1031 2372 1235 2452 enuntiarint,
1260 2373 1409 2455 equidem

286 2468 382 2535 valde
405 2469 525 2535 dubito.
541 2505 600 2558 ‚—
632 2468 723 2548 Quae
751 2476 920 2553 praeterea
945 2470 1108 2551 leguntur:
1142 2467 1325 2545 waldagti.
1350 2474 1409 2554 663

285 2577 465 2644 κατανοεῖς
488 2567 524 2632 ir.
548 2570 606 2649 973
629 2563 743 2632 ἀείόεν
766 2567 802 2632 ir.
829 2574 862 2650 ¹3
887 2565 1007 2632 ἐσθίεν
1029 2567 1066 2631 ir.
1091 2569 1140 2646 76,
1172 2566 1312 2649 Bergkio
1342 2567 1412 2632 edi·

284 2666 345 2732 tori
375 2666 540 2747 debentur,
570 2663 625 2747 qui
654 2684 718 2729 non
747 2665 900 2730 conexit:
934 2667 1043 2750 θῆρες
1071 2664 1107 2729 ir.
1131 2668 1188 2746 603
1217 2657 1410 2748 donatrices

285 2764 321 2830 ir.
345 2767 401 2847 783
425 2768 571 2849 ποτῆται
592 2762 631 2826 ir.
654 2765 712 2846 263
736 2760 871 2826 πάντων
894 2761 930 2827 ir.
946 2764 985 2826 67
1009 2761 1084 2826 alia.
1125 2759 1212 2825 Haeo
1234 2761 1343 2826 omnia
1365 2761 1408 2828 ad

284 2862 503 2944 quaestionem
538 2860 579 2926 de
608 2866 787 2942 temperata
816 2859 979 2926 Alemanis
1012 2858 1149 2924 dialecto
1180 2857 1299 2922 nullius
1332 2867 1408 2945 sunt

284 2959 446 3025 momenti.
1264 2971 1275 2984 ‘

431 3127 450 3205 ξ
476 3129 524 3190 17.
567 3131 612 3188 lle
633 3131 785 3188 nomlnum
807 3132 839 3186 et
859 3129 1021 3187 verborum
1042 3125 1252 3186 deollnatlone.

370 3245 542 3328 Pleraque,
573 3245 688 3328 quibus
716 3245 750 3312 in
780 3245 943 3311 nominum
967 3251 998 3312 et
1020 3235 1186 3309 verborum
1209 3237 1408 3308 terminatio·

284 3342 378 3408 nibus
400 3343 560 3410 Laconica
582 3343 737 3410 dialectus
759 3363 780 3408 a
802 3342 926 3424 vulgari
949 3340 1100 3420 discedit,
1126 3337 1202 3420 jam
1217 3355 1315 3419 supra
1337 3357 1408 3420 pro·

283 3441 430 3524 tulimus,
455 3460 525 3507 eum
548 3441 751 3508 Alcmanicas
773 3440 892 3506 formas
914 3438 957 3504 ad
979 3436 1170 3503 Laconicum
1194 3433 1353 3499 vocalium
1376 3442 1409 3500 et

284 3539 526 3605 consonantium
562 3560 655 3606 nsum
682 3537 909 3605 recensuimus.
954 3534 1023 3599 Hoc
1058 3533 1128 3598 loco
1166 3551 1270 3616 pauca
1302 3530 1406 3616 addo,

284 3654 365 3717 quae
388 3655 458 3700 oum
480 3638 522 3702 ab
546 3637 658 3703 eodem
687 3636 774 3701 fonte
797 3641 894 3716 atquo
916 3632 1066 3713 vulgares
1087 3629 1207 3694 iormae
1229 3627 1408 3713 repetenda

284 3732 356 3812 sint,
379 3738 486 3798 tamen
509 3734 589 3800 ratio
612 3753 721 3799 eorum
744 3732 888 3815 paullulo
912 3726 1068 3809 difficilior
1090 3731 1148 3792 est.

370 3829 524 3911 Nomina,
554 3851 686 3914 quorum
715 3829 812 3913 stirps
839 3829 871 3894 in
896 3853 908 3894 r
931 3827 1012 3918 exit,
1041 3822 1128 3908 apud
1157 3824 1259 3888 Dores
1288 3821 1408 3905 ubique

284 3930 414 3989 servant
442 3925 525 3992 banc
555 3928 680 3994 literam
702 3926 744 3992 ab
767 3926 898 3992 Ionibus
926 3924 960 3990 in
989 3922 1151 4007 plerisque
1176 3918 1303 3986 casibus
1325 3919 1407 3984 anti·

285 4019 388 4102 quitus
409 4019 443 4085 in
466 4021 500 4105 ej
518 4028 683 4089 mutatam.
728 4022 831 4102 Quam
855 4023 1017 4089 rationem
1048 4024 1197 4086 secuntur
1223 4013 1311 4097 apud
1333 4016 1408 4082 Ale
