3208 4928
295 446 356 512 280
796 445 932 500 Schrader

294 642 330 690 se
350 621 456 690 ferum
478 619 616 703 speeiem
638 620 771 704 (φίκοιτι
786 623 814 699 1,
826 621 856 682 2.
893 613 1085 702 περτέὸωκε
1101 620 1131 693 2,
1155 616 1194 681 ef.
1216 622 1292 683 eret.
1309 622 1429 699 πορτί.

287 716 371 796 Ἶλος
394 739 435 785 ex
453 714 575 794 Ἰόλαος
599 721 628 782 5.
677 735 718 782 ex
739 716 787 781 tit.
810 713 1017 781 Phaselensi:
1054 710 1150 778 ἅλιον
1173 715 1230 781 καὶ
1258 719 1321 798 γᾶν
1344 735 1376 780 v.
1398 719 1451 777 l!

294 816 439 894 οἵτινες
461 810 635 901 ὀφείλοντι
656 812 698 896 ἐμ
712 817 796 898 μησί
820 832 851 878 v.
868 815 911 889 7).
946 812 1015 877 Iam
1038 810 1089 876 his
1110 811 1143 876 in
1165 812 1266 878 titulis
1288 813 1428 878 mutatio

294 937 364 979 oze
392 914 478 978 ultra
505 912 646 995 ipserum
673 904 866 978 aeolieerum
896 909 1105 975 dialectorum
1135 909 1216 976 fines
1243 917 1428 993 propagata

246 1071 248 1075 .
294 1019 359 1094 est;
381 1010 499 1093 legitur
520 1009 604 1075 enim
628 1014 663 1073 ut
684 1008 717 1072 in
733 1007 882 1073 arcadiae
900 1013 932 1072 et
952 1007 987 1072 in
1002 1006 1132 1090 eyprioa
1155 1003 1426 1090 dialeeto‘Yon-

293 1105 419 1191 posia-v
443 1111 477 1188 5;
498 1107 595 1172 immo
618 1109 877 1191 Κοοραοίων-ος
902 1109 929 1168 1.
972 1100 1174 1188 'ansidajog
1197 1105 1312 1178 (Eekel
1334 1125 1425 1169 num.

294 1213 358 1271 vet.
382 1222 473 1271 anet.
495 1225 527 1287 p.
544 1206 627 1280 219).
665 1199 683 1269 ὖ
706 1202 887 1286 βολέμενος
909 1201 957 1267 tit.
973 1200 1144 1284 Sylliensis
1165 1221 1197 1267 v.
1212 1206 1260 1267 13.
1283 1237 1326 1247 -

380 1301 484 1382 Quam
518 1300 558 1365 ob
594 1321 661 1367 rem
701 1298 902 1385 probandum
940 1317 1012 1364 esse
1045 1318 1109 1363 non
1142 1318 1257 1365 denseo
1291 1301 1318 1364 si
1352 1300 1426 1383 quis

282 1400 413 1490 dixerit
431 1419 471 1466 ex
486 1398 596 1465 formis
611 1395 691 1478 ἀπύ,
712 1395 803 1476 ἄλλο,
826 1393 908 1462 κατύ
925 1394 995 1462 sim.
1010 1395 1160 1462 artiorem
1175 1395 1334 1462 Arcadum
1350 1417 1425 1462 oum

293 1497 420 1565 Lesbiis
442 1495 712 1564 neeessitndinem
734 1493 843 1576 colligi
871 1512 978 1576 posse.
1021 1493 1133 1576 Itaque
1155 1501 1190 1559 ut
1211 1514 1305 1560 nemo
1333 1494 1426 1561 dubi·

294 1595 393 1676 tabit,
422 1594 515 1678 quin,
545 1600 580 1658 nt
601 1592 750 1675 exemplo
777 1596 865 1671 utar,
895 1588 1006 1674 (lyprii
1027 1591 1061 1655 in
1084 1592 1189 1657 venali
1215 1616 1231 1656 ε
1252 1591 1287 1656 in
1311 1618 1324 1657 ι
1345 1599 1426 1658 ante

294 1694 423 1760 vooales
446 1689 602 1756 mutanda
625 1709 696 1756 eum
715 1687 931 1768 Cretensibus,
954 1688 987 1753 in
1011 1711 1032 1751 α
1054 1688 1088 1752 in
1111 1711 1128 1752 ο
1151 1689 1328 1756 mutatione
1350 1709 1424 1756 eum

294 1790 425 1858 Boeotis
447 1809 524 1854 oasu
552 1787 744 1869 fortuitoque
773 1785 989 1867 consentiant,
1019 1784 1065 1850 ita
1093 1785 1146 1850 hie
1171 1804 1297 1869 quoque
1325 1789 1424 1869 longe

205 1953 211 1963 ,
294 1887 362 1953 veri
384 1886 520 1953 similius
540 1885 618 1948 mihi
641 1903 713 1951 esse
733 1882 861 1947 videtur
875 1877 1017 1948 Areades
1040 1888 1072 1946 et
1089 1883 1222 1948 Lesbios
1245 1883 1425 1950 disiunctos

294 1991 392 2065 atque
413 1987 580 2065 separatos
603 2005 620 2044 ο
644 1984 689 2056 (α)
712 1980 745 2043 in
769 2003 787 2041 v
810 1985 960 2044 mutasse.

841 2144 878 2211 C.

380 2273 430 2339 De
444 2271 494 2353 iis,
515 2269 629 2354 quibus
644 2269 792 2336 arnadiea
807 2268 963 2335 dialeetus
977 2289 1042 2335 una
1058 2288 1129 2334 eum
1144 2270 1274 2354 eypriea
1295 2279 1424 2355 praeter

295 2370 436 2455 reliquas
458 2388 569 2435 omnes
593 2367 750 2434 dialectos
771 2367 907 2449 insignis
929 2367 979 2446 sit,
1003 2369 1068 2448 §2
1098 2368 1136 2431 A.
1152 2368 1177 2431 Ι.
1205 2370 1422 2450 exposuimus.

379 2467 546 2534 Aoeednnt
574 2485 678 2550 panea
700 2465 809 2532 extit.
831 2470 905 2547 teg„
928 2483 1010 2545 quae
1032 2469 1146 2547 patent
1167 2466 1421 2550 controversiam

295 2571 329 2630 ut
345 2569 482 2650 φθέρας
505 2572 568 2648 teg.
586 2568 615 2629 8.
652 2569 722 2646 (pro
736 2559 934 2646 *φθέροας,
958 2565 1126 2646 φθέρρας,
1150 2558 1303 2646 (pirineo)
1318 2575 1422 2649 σφεῖς

295 2660 361 2728 dat.
385 2659 501 2726 δέοτοι
524 2672 625 2748 σφεῖς
647 2668 711 2744 teg.
729 2663 778 2726 18.

379 2754 478 2840 μέστ’
502 2756 543 2823 ἄν
559 2788 601 2810 =
614 2756 714 2840 μέχρι
736 2751 777 2821 ἄν
800 2755 839 2820 ef.
862 2754 989 2821 Curtius
1010 2754 1114 2821 Jahns
1135 2757 1224 2824 Jerb.
1240 2760 1290 2840 834
1329 2756 1361 2822 εἰ
1385 2757 1422 2823 δέ

294 2878 346 2932 τις
370 2859 410 2933 (ο.
432 2873 463 2936 g.
487 2851 564 2920 κατ’
590 2854 622 2920 εἰ
645 2854 682 2919 δέ
704 2854 779 2918 τινὰ
801 2849 928 2934 τρόπον
952 2850 1099 2939 φθήριον
1127 2860 1190 2936 teg.
1217 2858 1278 2929 17).

380 2951 446 3017 Sed
467 2951 548 3017 haee
562 2951 726 3016 haetenus.
763 2951 1010 3014 Demonstrasse
1027 2950 1112 3014 enim
1128 2950 1206 3016 mihi
1221 2951 1333 3017 videor
1354 2959 1422 3018 tam

293 3046 396 3111 multa
409 3046 588 3111 Areadibus
604 3067 675 3111 oum
691 3045 768 3110 solis
782 3043 993 3109 Doriensibus
1008 3048 1189 3113 eommunia
1199 3067 1284 3131 esse,
1301 3049 1423 3116 deinde

296 3162 345 3223 ea,
362 3141 476 3223 quibus
488 3142 630 3207 Areades
645 3161 715 3207 oum
726 3141 939 3207 Aeolensibus
954 3139 1083 3227 iaeiunt,
1099 3145 1143 3210 ad
1153 3145 1259 3228 prisea
1274 3151 1423 3231 tempora

295 3237 405 3306 referri
428 3259 493 3304 non
516 3259 620 3322 posse,
645 3239 782 3322 denique
798 3244 845 3308 tot
859 3238 1020 3320 tantisque
1042 3240 1329 3308 rebusareadieam
1354 3244 1423 3311 dia-

294 3336 411 3402 leetum
425 3337 588 3420 propriam
603 3337 748 3403 induisse
763 3342 894 3418 vestem,
918 3341 953 3400 ut
967 3345 1124 3420 appareat
1138 3340 1191 3405 vel
1206 3348 1317 3406 eontra
1332 3341 1422 3407 Stra·

294 3434 388 3500 bonis
403 3435 624 3500 auctoritatem
639 3434 683 3500 ad
697 3441 838 3500 veterem
853 3433 989 3498 Ahrensi
1013 3435 1205 3500 sententiam
1220 3436 1422 3504 redeundum

294 3550 384 3615 esse,
414 3551 489 3614 que
511 3531 584 3597 ille
606 3552 683 3598 non
706 3531 832 3597 solum
854 3529 977 3595 Eleos
999 3549 1134 3596 verum
1158 3534 1424 3601 etiam-Area·

296 3627 368 3695 des
389 3627 580 3694 aeolieae
598 3628 719 3712 stirpi
742 3625 1011 3707 abiudicavit,
1035 3631 1241 3713 proprium
1257 3632 1422 3715 utrique

295 3724 1421 3810 dialeetoloeumintersermonemPeloponnensiaeum

294 3820 537 3888 vindicavit.
571 3820 664 3901 Quod
676 3842 747 3888 eum
762 3822 807 3887 ita
818 3823 868 3901 sit,
880 3823 941 3896 iter
952 3824 1044 3903 illud,
1057 3824 1305 3905 qqueolenses
1321 3844 1423 3908 quon-

295 3915 370 3982 dam
388 3917 422 3982 in
437 3918 694 4002 Peloponnesum
710 3939 751 3986 ex
766 3920 938 3986 Thessalia
954 3919 1161 3988 descendisse
1176 3920 1304 3986 Gelbke
1321 3924 1421 3999 (stud.

294 4014 327 4078 II
337 4017 387 4090 10)
395 4015 521 4097 poetioa
532 4016 881 4100 inventioneexpinxit,
889 4037 1003 4106 vereor
1011 4037 1053 4084 ne
1061 4035 1224 4099 nunquam
1236 4017 1278 4083 sit
1288 4018 1418 4086 laetum.
