3226 4948
278 467 341 530 388
802 468 880 556 Rnge

278 641 390 724 lingna
410 641 555 707 umbrica
576 646 612 705 nt
626 640 720 705 nobis
741 647 936 720 notaesset,
959 658 1083 704 summo
1103 639 1216 704 labore
1238 637 1412 705 admirabi-

278 740 366 823 lique
388 739 518 822 ingenio
541 738 731 818 effecerunt,
761 737 844 802 illud
866 759 899 800 cs
920 737 1096 802 umbrieum
1126 736 1321 819 (Trcplones,
1345 739 1413 814 cr)

277 857 320 903 cx
341 836 455 903 suffixo
478 837 555 911 obe,
578 837 822 902 terminationes
843 840 951 900 autem
974 833 1118 899 eiusdem
1140 853 1234 899 casus
1256 855 1293 896 us
1315 833 1411 917 (jra-

278 942 359 1012 trur)
381 939 414 1000 et
436 936 496 1006 ab,
526 955 560 996 es
590 934 730 1010 (noas-s)
753 952 795 998 ex
816 931 907 1016 bbjos
928 931 1113 997 sanseritico
1135 931 1411 1013 (indogcrmanico

278 1032 412 1116 bbjams)
426 1047 429 1052 ’
443 1030 654 1097 derivandum
680 1048 752 1096 esse
779 1036 988 1113 putavemnt3
1017 1047 1150 1111 quorum
1172 1029 1313 1092 viromm
1336 1048 1411 1095 sen·

278 1129 383 1194 tentia
396 1135 482 1194 certe
496 1147 561 1193 non
576 1127 782 1194 confirmatur
796 1147 846 1210 eo,
869 1126 954 1210 quod
970 1147 1011 1192 ex
1027 1127 1142 1192 eodem
1156 1124 1271 1192 suffixo
1287 1125 1412 1209 bbjama

279 1226 400 1292 exitum
429 1225 604 1291 accusativi
633 1224 769 1309 pluralis
798 1223 915 1290 ducere
946 1231 1112 1290 conantur.
1156 1223 1259 1302 Quam
1282 1229 1411 1289 senten·

279 1323 357 1389 tiam
387 1323 430 1389 de
458 1323 594 1389 ablativi
621 1321 725 1387 forma
753 1323 912 1404 prolatam
935 1321 1104 1405 quominus
1133 1339 1314 1403 sequamur,
1343 1340 1411 1385 non

280 1421 376 1486 modo
403 1420 438 1486 id
465 1421 561 1486 nobis
587 1420 820 1504 impedimento
842 1424 906 1500 est,
937 1418 1023 1501 quod
1044 1438 1226 1506 consonans
1245 1417 1347 1501 fuel
1369 1417 1411 1480 bb

280 1519 439 1586 excidisse
461 1524 602 1604 putatur,
624 1518 683 1584 sad
705 1518 802 1584 etiam
817 1517 902 1583 aliae
918 1535 1045 1598 causae,
1068 1535 1152 1599 quae
1166 1535 1224 1580 suo
1239 1517 1310 1581 loco
1325 1536 1411 1581 com-

279 1616 551 1682 memorabuntur.

365 1714 404 1779 ln
437 1713 577 1779 eundern
614 1730 754 1777 errorem
789 1711 965 1777 Gorssenns
1002 1710 1176 1788 (Kritische
1212 1709 1410 1792 Nachtrage,

280 1811 414 1894 Leipzig
431 1813 514 1876 1866
530 1807 853 1894 pag.216)inductus
867 1815 928 1890 est,
944 1808 998 1890 qui
1010 1808 1147 1892 fratros
1162 1828 1202 1873 ex
1224 1805 1412 1891 *frotrrffos

281 1906 504 1990 excidentes
523 1906 693 1972 formatum
719 1924 791 1971 esse
820 1906 883 1972 sibi
910 1907 1086 1990 persuasit,
1116 1905 1241 1989 quain
1270 1896 1418 1989 explica?

280 2005 370 2070 tione
391 2025 433 2072 ne
454 2004 629 2070 contractio
652 2001 791 2084 quidem,
815 2021 879 2085 qua
895 2024 914 2064 u
929 2003 1067 2068 litteram
1084 2022 1125 2068 ex
1140 2009 1268 2085 eatque
1283 2025 1301 2064 o
1316 2023 1412 2068 roca·
1491 2085 1494 2090 Ι

279 2101 367 2166 libus
382 2107 484 2166 ortam
507 2120 579 2166 esse
593 2097 768 2179 contendit,
792 2099 1001 2164 concedenda
1016 2107 1074 2166 est.
1111 2099 1278 2179 Quomodo
1295 2101 1411 2184 stirpes

261 2198 316 2263 ‘in
330 2199 345 2260 i
358 2203 513 2265 exeuntes
534 2216 570 2263 se
591 2195 744 2278 habeant,
766 2195 838 2279 ipse
858 2217 924 2261 non
944 2202 1080 2281 reputat,
1101 2217 1163 2264 nec
1184 2205 1319 2281 possunt
1332 2199 1411 2264 illae

281 2295 405 2362 formae
427 2315 465 2362 eo
487 2293 583 2360 modo
607 2293 772 2376 explicari.
812 2294 985 2360 Praeterea
1006 2295 1087 2360 haec
1109 2298 1285 2376 sententia,
1315 2316 1411 2378 quam
1473 2313 1479 2318 ·

281 2393 379 2460 hodie
401 2383 494 2459 multi
521 2391 668 2457 homines
696 2391 781 2458 docti
810 2391 977 2475 (Enderis,
1007 2394 1239 2458 Formenlehre
1259 2394 1318 2460 der
1339 2395 1411 2458 osk.

282 2491 366 2574 Spa,
390 2490 504 2556 Ziirich
523 2493 601 2554 1871
627 2509 701 2572 pag.
716 2491 786 2554 LX.
803 2491 910 2556 LXVI
929 2512 958 2557 a.
974 2494 1017 2565 a.)
1039 2490 1188 2575 probant,
1211 2510 1307 2574 quam
1328 2490 1432 2556 ialsa-

282 2587 333 2669 sit,
357 2588 410 2652 vel
434 2587 574 2652 maxime
596 2605 637 2652 ex
660 2588 721 2653 hac
742 2606 778 2652 re
799 2589 938 2672 perspici
960 2595 1080 2672 potest:
1115 2587 1142 2652 si
1164 2608 1201 2649 cr
1221 2587 1312 2653 verbi
1330 2587 1412 2671 frc-

283 2695 352 2748 lt‘cs
367 2705 409 2751 ex
430 2684 489 2747 bus
502 2720 546 2730 -
558 2683 622 2766 fus
635 2720 677 2731 —
691 2683 760 2769 fius
774 2721 816 2731 -
836 2684 937 2768 bbjaa,
960 2692 1058 2767 atqua
1079 2685 1107 2746 is
1127 2685 1219 2749 verbi
1237 2685 1412 2769 pro-scietis

283 2778 487 2866 (protelent)
511 2802 552 2846 ex
574 2781 624 2844 hu
638 2818 679 2828 —
692 2781 740 2865 fia
759 2819 802 2829 -
814 2781 880 2867 fier
901 2819 943 2827 -
966 2781 1058 2864 bbjas
1079 2787 1150 2847 orta
1172 2790 1270 2866 esset,
1294 2791 1412 2849 utrum·
1537 2848 1540 2853 .

199 2925 211 2936 f
283 2899 346 2963 que
359 2901 376 2941 s
390 2898 494 2962 aequo
509 2877 605 2943 modo
621 2899 659 2944 ac
670 2879 809 2962 simplex
823 2878 857 2943 in
872 2878 992 2943 tabulis
1005 2879 1138 2960 linguae
1148 2879 1281 2944 iunioris
1295 2881 1415 2946 umbri·

283 2997 341 3042 cae
371 2974 472 3040 latine
494 2974 620 3058 scriptis
641 2976 675 3038 in
697 2997 717 3036 r
739 2981 863 3040 mutata
886 2981 986 3055 esset,
1016 2975 1102 3054 quod
1124 2975 1243 3038 factum
1265 2996 1331 3040 non
1354 2986 1414 3042 est.

369 3070 504 3135 Brealus
531 3070 656 3150 (Breal‚
684 3070 748 3134 Les
769 3069 875 3134 tables
897 3068 1099 3150 Eugubincs,
1124 3071 1349 3155 Bibliotbeque
1372 3073 1415 3140 de

283 3165 395 3232 l’ecole
417 3164 476 3230 des
498 3165 612 3232 hautes
634 3164 756 3249 eludes,
782 3165 875 3232 Paris
900 3169 980 3232 1875
1003 3186 1078 3250 pag.
1102 3171 1133 3246 7)
1157 3168 1200 3234 ad
1223 3170 1283 3236 bas
1304 3172 1414 3238 varias

283 3264 403 3331 formas
435 3262 660 3349 explanandas
693 3263 841 3330 suffixum
870 3287 900 3336 s,
932 3263 1017 3347 quod
1050 3266 1083 3332 in
1111 3289 1131 3330 r
1159 3274 1310 3349 mutatur,
1342 3288 1414 3334 cum

284 3381 401 3446 graeco
425 3384 460 3427 σι
482 3361 656 3428 convenire
678 3366 775 3456 atqpe
790 3386 806 3426 s
822 3363 1022 3429 immutabile
1044 3383 1160 3446 graeco
1184 3388 1260 3431 εσσι
1282 3386 1415 3450 respon·

286 3458 363 3526 dere
385 3466 486 3544 putat.
520 3460 563 3525 At
584 3480 649 3524 non
671 3460 768 3525 modo
789 3482 810 3522 a
831 3461 913 3526 illud
936 3461 970 3526 in
982 3460 1119 3544 fratros
1140 3462 1217 3546 quid
1239 3463 1300 3529 sibi
1323 3464 1412 3545 velit,

285 3578 352 3623 non
373 3557 574 3640 perspicitur,
597 3555 769 3648 sedetiam
792 3558 853 3623 hoc
874 3557 949 3624 hnic
964 3559 1170 3642 explicationi
1187 3560 1302 3643 obstat,
1326 3561 1411 3644 quod

287 3676 365 3720 εσσι
386 3655 481 3720 unius
502 3653 634 3737 linguae
654 3673 791 3736 graecae
812 3655 974 3738 proprium
991 3661 1049 3721 est.
1087 3657 1171 3722 Nam
1187 3657 1281 3724 huius
1295 3657 1411 3724 forma-

286 3751 385 3818 tionis
392 3771 471 3816 cum
485 3751 519 3815 in
541 3748 655 3833 lingua
673 3751 778 3818 latina
792 3752 929 3835 vestigia
943 3752 1034 3817 nulla
1049 3760 1186 3836 exstent,
1211 3753 1320 3821 dubito
1336 3776 1412 3820 num

287 3848 320 3913 in
343 3849 455 3931 lingua
476 3847 585 3912 italica
612 3847 655 3914 ad
683 3848 843 3916 ablativos
871 3850 1006 3932 pluralis
1035 3852 1159 3917 numeri
1188 3852 1355 3917 verborum
1377 3854 1412 3919 in

287 3953 517 4010 consonantem
539 3946 593 4010 vel
608 3945 622 4006 i
635 3946 819 4012 exeuntium
841 3946 1027 4014 formandos
1045 3949 1111 4013 alia
1125 3948 1227 4014 forma
1241 3957 1337 4032 atque
1348 3950 1412 4034 foe

287 4042 341 4109 vel
363 4041 419 4104 bos
439 4047 593 4125 usurpata
614 4042 665 4109 sit.
