3208 4928
311 477 373 541 298
808 482 942 540 Schrader
994 546 999 556 ¹

395 655 465 738 Ego
487 660 594 721 autem
616 655 763 722 existimo
788 655 973 722 mutationis
994 659 1016 719 ᾶ
1037 656 1070 721 in
1093 680 1112 740 q
1137 675 1251 722 causas
1274 675 1346 723 esse
1368 676 1457 723 eas·

310 752 400 835 dem,
431 772 511 836 quas
539 753 573 819 in
603 752 950 839 ποιμήνιποιμένος,
982 751 1095 840 πατήρ
1112 776 1118 818 :
1135 757 1283 837 πατέρα,
1313 751 1456 838 πεντή-
1570 809 1571 838 ,

311 873 413 916 κοντα
435 873 443 915 :
466 855 567 916 πέντε
601 851 834 933 perspeximus.
886 851 1087 918 Sanscritieie
1124 850 1210 918 enim
1243 856 1275 918 et
1311 852 1454 935 graecis

310 948 423 1013 horum
445 947 615 1014 verborum
636 947 745 1014 formis
766 950 851 1015 inter
872 967 907 1016 sc
929 948 1134 1031 comparatis,
1158 948 1210 1015 hic
1231 949 1264 1014 in
1287 948 1451 1034 indagar-

310 1043 438 1111 maniea
459 1046 571 1127 lingna
593 1050 694 1112 status
716 1045 858 1112 valuisse
879 1046 958 1111 mihi
979 1045 1118 1113 videtur:

438 1161 546 1246 indog.
570 1163 748 1238 duodecimi,
812 1171 885 1232 seri.
907 1164 1060 1238 dddtimi,
1088 1185 1136 1248 gr.
1158 1169 1291 1264 τίθημιιο

437 1259 547 1343 indog.
570 1259 729 1334 obtutari,
810 1268 883 1329 sert.
906 1259 1043 1336 doctori,
1089 1283 1136 1346 gr.
1159 1266 1278 1348 τίθητι

438 1357 547 1442 indog.
570 1358 783 1432 dhodlcdmuscss
810 1366 883 1426 sert.
906 1357 1067 1431 deotmar,
1090 1378 1137 1443 gr.
1159 1363 1302 1441 τίθεμες

437 1554 546 1638 indog.
560 1545 671 1638 jot-mi,
730 1561 803 1622 sert.
817 1543 927 1640 joi-mi,
972 1574 1019 1638 gr.
1041 1551 1134 1639 ‘iq-,or

437 1651 547 1735 indog.
561 1641 654 1736 jai-a,
730 1659 802 1718 sert.
817 1641 911 1736 jd-ta
973 1672 1020 1736 gr.
1043 1650 1131 1738 ἵη-τι

436 1749 545 1832 indog.
561 1749 707 1833 ,βᾶ-πατεῖ
731 1756 805 1817 sert.
819 1749 952 1833 jo-mas,
976 1769 1022 1833 gr.
1045 1747 1167 1831 ἵε-μες.

393 1880 469 1948 Veri
497 1881 594 1964 igitur
622 1881 822 1947 simillimum
850 1881 928 1947 mibi
957 1879 1085 1948 videtur
1112 1900 1262 1965 graecam
1290 1879 1439 1963 linguam

309 1980 343 2045 in
368 1978 490 2045 uocalis
515 1985 624 2045 vetere
648 1979 898 2061 quantitate,
932 1978 1153 2047 senscriticam
1177 1978 1211 2043 in
1238 1977 1341 2061 prisco
1370 1996 1438 2043 ac-

309 2083 429 2144 centu
461 2075 684 2142 conservando
720 2075 932 2158 antiquiorem
963 2095 1045 2143 csse.
1098 2076 1166 2142 Iam
1202 2095 1279 2142 vero
1312 2082 1438 2142 mature

309 2173 417 2240 brevis
437 2172 497 2238 illa
518 2173 641 2238 vocalis
661 2193 681 2235 o
703 2180 780 2239 ante
801 2173 884 2256 plur.
907 2178 939 2238 et
962 2172 1014 2238 du.
1037 2162 1153 2240 suffixa
1174 2174 1262 2246 παπ,
1285 2177 1348 2256 μές
1362 2178 1436 2254 cte,

309 2290 405 2356 quam
417 2269 532 2336 Graeci
548 2288 589 2335 ex
604 2289 728 2338 summa
738 2270 930 2354 antiquitate
944 2277 1164 2361 servaverant,
1180 2305 1221 2317 -
1237 2272 1326 2356 apud
1336 2270 1436 2338 Indos

295 2376 365 2454 ,aut
394 2367 528 2451 explosa
557 2368 731 2446 (dedamus)
758 2375 814 2434 aut
841 2369 940 2452 longa
967 2369 1139 2451 singularis
1166 2370 1273 2435 vocali
1299 2368 1458 2461 expulsa¹
1573 2385 1574 2414 ³

309 2473 358 2534 est
379 2465 525 2551 (jd-meis)
547 2501 588 2512 —
610 2468 643 2533 in
666 2491 682 2532 ε
705 2467 821 2533 mutari
843 2473 957 2550 coepta
980 2472 1037 2533 est.
1082 2466 1167 2532 Illud
1190 2486 1253 2550 qua
1275 2466 1316 2534 da
1338 2485 1435 2532 causa

308 2565 377 2632 sive
399 2565 510 2631 curin
532 2564 626 2632 certis
648 2569 774 2631 tantum
795 2564 957 2631 radicibus
979 2564 1098 2630 lactum
1119 2564 1161 2630 sit
1189 2565 1239 2642 (ci.

435 2686 586 2768 τίθη-αι,
630 2681 772 2766 iord-pec,
822 2682 926 2770 ῗη-μι,
964 2684 1070 2769 qod-pt

436 2784 607 2863 τίθε-μες,
630 2778 798 2862 tora-pag,
821 2778 942 2863 ῗε-μες,
965 2777 1119 2868 pai-pig),

307 2903 363 2969 vix
395 2899 492 2967 oredo
525 2918 665 2981 unquam
698 2918 792 2982 posse
826 2897 1004 2966 diiudicari.
1048 2898 1142 2965 (ierte
1174 2898 1234 2964 hoc
1266 2897 1432 2982 probabile

308 2998 387 3065 mihi
409 2996 544 3075 videtur,
572 3001 608 3060 ut
628 2995 664 3060 in
685 2993 799 3082 πατήρ
816 3018 824 3060 z
840 2994 980 3080 πατέρα,
1011 2994 1139 3082 ποιμήν
1157 3019 1165 3061 :
1181 2993 1338 3078 ποιμένα,
1368 2984 1430 3080 dg:

309 3094 400 3164 ἐσ-τι
423 3098 493 3174 etc,
523 3091 569 3156 ita
596 3090 631 3155 in
659 3094 783 3177 τίθημι
811 3112 937 3177 quoqne
959 3116 968 3156 r
989 3097 1132 3176 τίθεμες
1155 3093 1198 3159 ab
1219 3093 1276 3158 illo
1297 3110 1431 3176 graecae

307 3192 440 3274 linguae
466 3188 673 3254 vocalium
701 3189 1003 3257 concinnitatis
1031 3191 1167 3256 studio
1198 3209 1312 3257 causae
1332 3195 1432 3255 muta·
1480 3201 1482 3209 ’

308 3287 405 3356 tionis
427 3289 470 3352 d:
487 3310 506 3372 η
531 3284 712 3362 (dddbomiz
728 3292 864 3375 τίθημι)
887 3307 958 3356 esse
979 3287 1185 3372 repetendas.

394 3385 454 3452 Hic
482 3383 608 3450 dixerit
623 3383 797 3468 quispiam,
827 3393 862 3452 nt
888 3406 986 3454 verae
1012 3385 1077 3452 sint
1106 3404 1222 3451 causae
1250 3384 1430 3451 mutationis

308 3511 330 3552 α
346 3509 389 3572 :q
412 3482 527 3550 inillis
548 3481 717 3565 radicibus,
741 3502 820 3566 quas
836 3483 983 3565 diximus,
1006 3490 1115 3549 tamen
1137 3482 1305 3566 probabile
1326 3482 1430 3548 lacere

307 3586 355 3651 lit.
371 3581 444 3662 utri,
461 3580 548 3662 bulg.
564 3576 647 3644 citt:
662 3581 746 3659 atati,
762 3582 817 3648 lat.
834 3583 964 3647 credero
980 3605 987 3647 :
1002 3591 1097 3655 sture,
1117 3600 1173 3647 eas
1189 3600 1229 3648 ea
1245 3581 1309 3646 iam
1325 3584 1429 3646 aetate

307 3683 461 3764 valuisse,
491 3702 554 3764 qua
582 3700 763 3765 europaeae
790 3686 903 3763 gentes
931 3681 1121 3746 coniunctae
1150 3678 1313 3744 vivebant.
1363 3676 1428 3760 Ego

308 3781 369 3846 hac
398 3781 431 3845 in
459 3798 494 3845 re
524 3780 623 3862 probo
646 3777 835 3845 Delornckii
862 3778 1073 3860 sententiam,
1104 3796 1197 3860 quam
1229 3775 1269 3841 Κ.
1293 3775 1326 3840 Ζ.
1349 3774 1429 3839 XXI

307 3900 339 3962 p.
364 3883 403 3942 77
425 3877 460 3942 in
481 3878 511 3944 J.
536 3876 745 3944 Schmidtium
773 3875 900 3959 profert.
946 3875 1031 3941 Dicit
1060 3875 1159 3940 enirn:
1197 3873 1305 3950 ,Aber
1326 3890 1429 3954 gagen

309 3974 362 4041 die
384 3975 563 4056 Annahme,
587 3974 662 4040 daec
684 3973 804 4063 iulden
827 3993 891 4038 von
912 3974 944 4039 S.
968 3971 1179 4054 angeldhrten
1201 3969 1349 4035 Wdrtern
1372 3968 1429 4034 das

308 4095 328 4137 o
350 4073 449 4139 sehon
477 4073 511 4137 in
539 4072 597 4138 der
625 4070 855 4154 europaischen
884 4070 1132 4153 Grundapraehe
1159 4089 1198 4132 au
1220 4089 1237 4130 e
1258 4064 1430 4150 geworden
