3226 4948
462 505 465 516 .
519 467 561 521 De
578 465 716 521 Alcmanis
734 469 831 536 poetae
849 465 975 520 dialecto.
1252 459 1309 556 381

187 661 283 724 quam
305 660 370 705 non
394 646 514 704 certum
530 643 588 721 est,
613 639 688 722 quia
703 638 800 705 etiam
815 637 879 703 alio
901 639 973 703 loco
990 636 1157 718 vulgarem
1180 635 1315 702 formam

188 743 227 803 σε’
257 735 345 823 apud
371 737 566 803 Laconicum
594 743 723 820 poetam
750 743 911 820 repertam
934 733 1144 800 Doriensibus
1172 731 1316 798 vindicat

188 837 242 912 (de
263 855 355 918 pron.
378 837 440 899 366
464 833 511 912 0).
556 833 678 914 Quibus
707 833 851 918 probatis
879 832 1024 914 reliquae
1046 850 1172 915 quoqne
1194 831 1315 898 formae

187 932 388 998 adulterinas
422 931 639 1016 diphthongos
672 930 864 997 exhibentes
893 930 928 995 in
958 926 1089 994 dubium
1117 928 1252 994 veniunt
1284 936 1316 995 et

187 1037 285 1114 auget
312 1029 526 1111 suspicionem
553 1030 620 1095 alia
641 1049 739 1096 causa
760 1028 960 1112 gravissima.
1005 1025 1135 1093 Scilicet
1155 1025 1315 1091 vocalium

188 1153 208 1214 η
239 1133 271 1192 et
299 1151 324 1190 ω
356 1133 387 1192 et
411 1125 685 1211 diphthongorum
715 1150 747 1192 ει
775 1133 808 1192 et
841 1149 878 1191 ov
910 1124 1149 1199 ¹distinctionem
1177 1124 1315 1189 Alcman

188 1223 318 1290 omnino
333 1223 439 1289 lacere
453 1245 518 1289 non
540 1223 654 1307 potuit,
676 1244 753 1289 nam
768 1243 960 1307 quamquam
976 1223 1102 1305 signum
1118 1222 1143 1283 Η
1159 1223 1194 1287 in
1215 1221 1315 1286 titulis

187 1321 306 1406 Ionicis
328 1322 484 1387 Alcmane
506 1321 651 1405 paullulo
676 1321 906 1387 recentioribus
927 1322 1049 1387 vocalis
1071 1319 1141 1385 vioe
1162 1318 1314 1402 iungitur,

187 1426 297 1484 tamen
319 1418 400 1484 haee
421 1417 503 1483 ratio
518 1439 539 1483 a
552 1425 661 1484 nostro
683 1426 780 1502 poeta
795 1419 904 1484 aliena
925 1424 984 1501 est,
1007 1438 1102 1501 quam
1118 1414 1316 1483 Simonidem

188 1517 344 1582 minorem
365 1516 399 1581 in
428 1516 518 1582 libris
548 1515 684 1599 primpm
706 1516 894 1582 adhibuisse
914 1536 979 1581 non
1002 1515 1072 1582 sine
1094 1513 1316 1597 grammatico-

187 1634 258 1680 rum
288 1614 470 1679 testimonio
492 1614 700 1696 suspicamur.
746 1615 859 1696 ltaque
881 1634 901 1678 a
923 1613 1153 1697 posterioribus
1175 1613 1232 1678 illa
1253 1611 1316 1676 dis·

189 1712 323 1778 crimina
351 1718 420 1776 orta
446 1718 535 1793 sunt,
565 1711 618 1793 qui
649 1711 676 1776 si
703 1711 903 1794 grammatici
931 1710 1072 1792 luerunt,
1103 1730 1168 1775 non
1187 1716 1317 1788 ‘temere

188 1829 256 1875 rem
278 1815 434 1874 tractasse
455 1807 591 1891 putandi
613 1815 696 1891 sunt,
720 1808 780 1890 sin,
804 1808 887 1891 quae
908 1809 1069 1875 sententia
1091 1807 1170 1872 mihi
1186 1806 1316 1891 quidem

188 1906 499 1987 verisimiliorem,
528 1905 667 1986 librarii,
697 1905 855 1972 adonius
878 1905 1033 1990 cujusque
1061 1905 1216 1972 incuriam
1246 1911 1318 1970 tan-

189 2023 284 2086 quam
306 2003 427 2081 lontem
448 2023 561 2086 pamm
583 2001 752 2086 limpidum
775 2001 966 2069 reducimur.

274 2102 324 2166 De
346 2102 460 2166 ceteris
482 2099 721 2182 mutationibus,
744 2120 828 2183 quae
849 2105 951 2168 rarius
974 2103 1124 2183 existunt,
1148 2103 1254 2168 minus
1277 2120 1319 2168 ex

189 2217 312 2281 papyro
343 2197 423 2262 disci
451 2202 567 2279 potest.
611 2199 677 2264 Sed
706 2199 809 2281 magis
830 2199 966 2266 inclinat
987 2201 1129 2282 animus,
1158 2208 1193 2265 ut
1214 2219 1257 2266 ex
1278 2199 1318 2266 iis

188 2299 338 2376 corrupta
359 2313 429 2377 esse
451 2294 586 2385 arbitrer
609 2319 624 2359 c
648 2314 705 2376 pro
726 2317 749 2375 c
772 2303 805 2360 et
827 2320 842 2360 a
866 2317 924 2380 pro
948 2321 969 2360 ι.
1008 2297 1101 2364 Corte
1123 2319 1180 2381 pro
1200 2289 1319 2382 Ἀρτέ-

153 2392 155 2396 ’
189 2413 297 2473 μιτος,
321 2409 405 2472 quae
420 2409 485 2454 vox
500 2391 598 2456 etiam
621 2389 686 2454 alia
699 2391 860 2457 Laconica
881 2393 1078 2475 proprietate
1098 2393 1234 2476 insignis
1258 2399 1316 2476 est,

186 2483 388 2570 Ἀρτάμιτος
410 2487 614 2552 scribendum
637 2506 709 2554 esse
731 2507 857 2555 censeo.
881 2525 923 2536 -
945 2514 967 2574 ᾳ
989 2511 1048 2573 pro
1070 2515 1090 2575 ῃ
1114 2489 1261 2555 videmus
1283 2489 1319 2555 in

190 2584 316 2649 duabus
336 2584 468 2649 vocibus
490 2584 673 2650 Laconicis:
698 2580 764 2671 ἆγᾷ
785 2592 817 2651 et
839 2585 975 2672 αἱματᾷ.
1010 2585 1153 2652 Offendit
1175 2587 1319 2668 vulgaris

189 2680 372 2746 terminatio
401 2681 435 2745 in
463 2681 570 2747 verbis
596 2681 683 2765 apud
711 2689 833 2749 ceteros
855 2684 995 2750 Graecos
1018 2685 1187 2750 inusitatis.
1232 2684 1317 2749 Num

190 2779 252 2844 hac
266 2797 302 2844 re
316 2779 356 2844 iis
370 2778 531 2843 civitatem
548 2777 627 2843 dare
641 2779 743 2845 voluit
764 2788 861 2864 poeta
881 2781 915 2845 in
937 2781 1061 2846 literis?
1095 2782 1245 2847 Fortasse
1260 2801 1317 2865 pro

190 2872 292 2941 αὐτὸν
316 2871 381 2960 ἆγᾷ
402 2875 439 2940 fr.
460 2879 516 2939 121
542 2872 643 2940 αὐτὸν
666 2873 731 2961 ἄγα
753 2878 956 2943 scribendum
980 2885 1042 2960 est,
1072 2884 1107 2943 ut
1129 2900 1186 2963 pro
1209 2875 1316 2961 dyona
1352 2917 1356 2926 ·

73 2980 78 2992 '
189 2973 240 3055 sit,
258 2993 298 3039 en
314 2969 399 3057 dyao
412 2981 607 3039 contractum
623 2973 674 3052 (cf.
687 2973 800 3060 ἓτερία,
816 2979 902 3058 τρία
913 2974 991 3040 Ahr.
1004 2975 1035 3042 d.
1048 2975 1079 3041 d.
1092 2977 1131 3041 D.
1148 2979 1230 3058 198),
1246 2996 1318 3042 eum

149 3127 156 3137 „
188 3070 391 3152 grammatici
404 3072 489 3137 banc
502 3071 636 3138 formam
652 3073 693 3138 ab
709 3072 818 3139 nescio
834 3091 896 3154 quo
912 3069 1097 3164 verbo-dyo
1113 3074 1320 3142 deducerent.

194 3195 200 3208 τ
278 3166 399 3232 Contra
422 3190 442 3232 o
464 3177 609 3256 pretet
630 3171 747 3256 papyri
771 3171 918 3254 exemplo
942 3168 1151 3254 (πρόςωπον)
1175 3179 1206 3240 et
1220 3174 1319 3258 Apol-

189 3263 270 3328 lonii
297 3262 421 3329 diserto
451 3265 633 3332 testimonio
665 3271 725 3344 (σέ)
756 3275 788 3334 et
816 3274 917 3334 metro
948 3265 1129 3346 (εὕδουσιν)
1160 3270 1239 3337 satis
1269 3277 1318 3338 est

189 3358 422 3425 confirmatum.
466 3361 535 3426 Hoc
558 3369 589 3428 et
611 3381 654 3427 ex
671 3365 805 3430 Aeolica
828 3372 860 3430 et
883 3384 923 3431 ex
945 3367 1038 3449 epica
1060 3366 1199 3433 dialecto
1221 3374 1319 3451 poeta
1347 3382 1351 3389 '

190 3457 295 3540 potuit
324 3457 461 3524 haurire.
513 3460 587 3524 Non
616 3461 721 3527 minus
751 3467 872 3528 cenum
901 3462 1028 3529 videtur
1051 3487 1072 3530 σ
1093 3483 1151 3548 pro
1182 3486 1235 3530 σσ.
1277 3465 1318 3536 In

191 3555 242 3619 bis
264 3554 395 3620 vocibus
418 3556 637 3640 comparanda
666 3564 715 3625 est
744 3560 901 3643 correptio
929 3561 1079 3644 syllabae
1105 3562 1224 3644 longae
1246 3581 1318 3627 cum

191 3651 401 3734 productione
431 3655 579 3738 syllabae
607 3655 715 3723 brevis
741 3656 775 3723 in
797 3677 876 3725 voce
899 3657 1123 3740 τολυμμελές.
1168 3658 1319 3728 Fortasse

189 3749 333 3815 imitatus
349 3755 398 3816 est
414 3750 549 3817 Alcman
571 3752 740 3838 poeticam,
764 3773 846 3837 quae
862 3755 892 3821 ei
914 3754 1094 3838 videbatur,
1118 3755 1282 3822 licentiam
1297 3781 1318 3824 σ

189 3867 249 3928 pro
274 3868 331 3926 σσ,
362 3845 380 3909 λ
403 3868 460 3931 pro
483 3849 521 3912 lt
543 3853 782 3932 pronuntiandi.
825 3852 979 3939 Aequen
1006 3875 1065 3938 pro
1088 3878 1127 3920 εα
1149 3853 1319 3924 admisisse

191 3943 329 4028 videtur,
362 3945 474 4028 opicae
507 3946 636 4014 dialecti
663 3949 847 4032 analogiam
876 3957 1019 4034 secutus,
1051 3951 1129 4018 item
1158 3948 1317 4037 τέτρατον

191 4041 284 4105 metri
307 4043 429 4127 gratia,
462 4061 532 4109 eum
561 4051 637 4111 ante
660 4049 768 4114 oculos
790 4047 924 4114 baberet
945 4048 979 4112 in
1002 4048 1102 4132 epicis
1124 4050 1318 4119 carminibus
