3208 4928
267 475 329 536 276
421 496 425 506 ·
480 487 491 546 ζ
763 477 898 532 Schrader

264 656 338 734 post
358 669 387 714 κ·
407 648 548 715 litteram
573 648 691 715 factam
718 648 951 732 posteriore
973 653 1121 731 tempore·
1140 649 1228 732 apud
1248 651 1394 718 Arcades

197 806 199 811 .
265 747 463 814 inveterasse
490 744 684 830 τριακάσιοι
713 752 776 828 teg.
796 750 814 812 8
838 745 1057 812 demonstrare
1079 745 1215 828 videtur.
1258 749 1298 814 In
1319 749 1394 832 ipsa

151 895 153 899 ⁴
264 845 326 922 hac
353 844 530 910 mutatione
558 862 629 908 cum
652 842 922 909 Heracleensibus
947 843 1091 911 Arcades
1120 843 1240 910 faciunt
1269 846 1308 912 ct.
1335 870 1395 911 κο-

267 941 389 1027 eapte,
412 939 655 1023 ἄνκοθαρὶοντι
676 939 806 1006 Meister
827 939 911 1005 stud.
933 939 980 1004 IV
1003 944 1075 1006 369.

356 1041 399 1104 Π.
431 1043 542 1103 contra
564 1061 585 1100 a
608 1056 709 1121 prope
730 1037 859 1103 nasalcs
883 1037 1077 1133 6111661166
1099 1044 1258 1105 servatur:

354 1142 382 1200 1.
413 1139 596 1222 στραταγοί
622 1141 685 1217 teg.
701 1136 737 1198 9:
770 1134 874 1200 boeot.
892 1129 1031 1217 στροτός
1054 1137 1248 1214 (Beermann
1262 1135 1310 1201 IX
1329 1139 1392 1213 17).

264 1233 344 1324 1661).
359 1229 531 1320 στροτάγω
544 1233 622 1298 Ahr.
634 1233 650 1296 Ι
663 1234 714 1296 76.
731 1228 871 1323 στροτρς
882 1232 981 1298 11666.
989 1231 1029 1310 (t)
1041 1231 1175 1319 adorere
1191 1233 1391 1299 11611116.

351 1336 381 1397 1.
410 1327 670 1415 ἆγκᾳρυσσόντω
693 1325 825 1412 teg.'19.'
855 1325 1053 1412 ἀναλώμασι
1075 1337 1138 1414 teg.
1158 1335 1215 1396 43:
1238 1332 1318 1398 1661.
1335 1328 1391 1396 ὀν-

264 1428 373 1496 aava
396 1427 504 1495 Auel
525 1431 565 1493 76
587 1426 684 1493 11666.
701 1423 857 1492 desterno
880 1427 897 1491 Ι
920 1430 991 1490 220.
1013 1428 1137 1493 11133.
1176 1428 1304 1494 Boeoti:
1326 1425 1392 1494 ἀνά

234 1585 236 1587 ,
264 1527 502 1610 (616(1.ΙΧ18);
517 1531 607 1610 patet
623 1523 710 1606 inde,
726 1530 879 1607 quantum
894 1526 1059 1604 erraverit,
1075 1525 1185 1608 siquis
1200 1545 1227 1591 6.
1239 1545 1285 1609 gr.
1301 1545 1390 1610 cypr.

264 1622 413 1712 ὀνέθηκε
430 1630 463 1690 61
476 1622 557 1690 1661.
573 1615 721 1708 (1νὲ3666
737 1621 781 1687 61
796 1643 894 1687 unum
909 1629 1035 1705 tempus
1048 1621 1223 1688 reduxerit.
1245 1623 1284 1688 61.
1294 1625 1314 1704 6
1325 1625 1344 1686 2
1354 1622 1391 1686 Β.

263 1725 290 1789 Ι.
307 1729 342 1808 53
358 1721 443 1807 quod
458 1741 584 1804 moneo,
600 1726 635 1784 ut
648 1718 863 1802 intellegatur,
880 1727 1000 1802 quanta
1014 1720 1296 1803 circumspectione
1311 1739 1392 1802 opus

264 1822 306 1888 sit
328 1821 362 1886 in
385 1819 532 1886 dialectis
554 1818 638 1885 inter
659 1836 694 1882 se
717 1819 950 1901 comparandis.

349 1921 379 1982 3.
396 1915 588 2005 σύγγρᾳφον
603 1921 667 1997 teg.
681 1918 731 1977 55.
767 1919 953 1998 γέγραπτοι
975 1922 1038 1998 teg.
1052 1920 1108 1981 53:
1146 1916 1391 1994 Heracleensem,

264 2015 450 2095 Cretenses,
479 2012 588 2079 Lesbii
616 2011 677 2076 hac
703 2012 737 2074 in
766 2011 875 2077 radice
904 2036 925 2076 o
953 2012 1028 2077 ino
1058 2013 1242 2097 vertebant:
1272 2009 1390 2099 γράφω

264 2101 315 2189 (ct.
338 2110 471 2176 Meister
492 2108 576 2175 stud.
599 2108 646 2173 IV
661 2111 746 2184 375).

350 2207 465 2272 Paullo
487 2205 638 2272 incertius
667 2204 708 2270 de
737 2205 913 2271 mutatione
941 2205 1000 2270 illa
1021 2230 1042 2269 α
1056 2229 1091 2271 :s
1114 2206 1149 2271 in
1179 2205 1313 2272 fontium
1335 2227 1391 2290 pe-

266 2304 359 2370 nuria
383 2302 519 2370 iudicari
548 2308 662 2388 potest.
710 2301 814 2368 Unum
837 2303 922 2369 euim
944 2302 1126 2368 arcadicum
1148 2304 1242 2370 huius
1264 2304 1391 2386 generis

266 2402 450 2486 exemplum
473 2420 544 2466 cum
565 2399 697 2483 reliquis
720 2398 868 2467 dialectis
889 2401 1067 2484 comparari
1089 2408 1210 2485 potest:

348 2519 413 2566 arc.
422 2497 890 2588 &oposetapgdlotvnptaesm
899 2499 1100 2586 lesbapaog
1108 2498 1391 2578 (Ahr.175)boeot.
1410 2510 1420 2525 “

264 2595 418 2684 κράτος
436 2597 561 2662 Beerm.
573 2595 624 2663 IX
637 2599 686 2677 16,
702 2614 896 2678 quamquam
911 2597 944 2661 in
955 2601 1086 2679 θέρσος
1101 2595 1213 2661 Boeoti
1228 2615 1299 2662 cum
1315 2597 1392 2662 Les·

262 2692 325 2760 biis
341 2700 373 2761 61
383 2694 551 2760 Thessalis
568 2692 698 2759 faciunt.
733 2691 882 2758 Ceterum
897 2714 966 2759 mos
980 2693 1037 2759 ille
1049 2716 1070 2756 o
1082 2698 1114 2758 61
1129 2717 1146 2756 o
1163 2693 1302 2760 maxime
1316 2700 1393 2782 ante

261 2791 402 2874 liquidas
416 2791 450 2856 16
467 2816 482 2857 ε
498 2789 645 2857 vertendi
661 2790 807 2868 (meliora
821 2790 983 2857 Arcadum
998 2791 1146 2873 exempla
1161 2797 1249 2856 sunt:
1276 2789 1393 2858 16161-

264 2887 380 2966 λοντες
391 2894 454 2970 teg.
463 2892 514 2952 51.
528 2886 704 2969 depedace,
718 2885 890 2969 ζέρεθρον.
918 2887 1153 2965 (1611161113)
1168 2907 1227 2970 per
1237 2888 1391 2971 plurimas

262 2986 365 3050 valuit
388 2984 552 3050 dialectos.
589 2983 627 3046 of.
651 2983 692 3046 de
714 2983 843 3049 Boeotis
870 2984 993 3049 Beerm.
1013 2988 1062 3049 16.
1102 2983 1143 3050 16
1164 2985 1291 3050 Lesbiis
1313 2986 1390 3051 Ahr.

263 3081 280 3146 I
304 3086 353 3145 75.
378 3083 429 3145 81).
475 3078 516 3145 16
538 3078 748 3145 Doriensibus
770 3079 848 3145 Ahr.
871 3080 903 3145 II
928 3084 997 3144 122.
1046 3082 1175 3148 Meister
1197 3081 1244 3146 IV
1267 3086 1340 3148 371.

322 3178 470 3259 Magna
500 3175 598 3258 igitur
633 3182 681 3241 661
715 3175 881 3245 arcadioae
914 3199 987 3244 oum
1016 3179 1225 3246 Doriensibus
1258 3179 1389 3246 dialecti

263 3273 450 3360 similitudo.
487 3271 593 3351 Quare
616 3273 678 3338 166
699 3275 768 3342 iure
790 3275 853 3342 dici
875 3282 990 3359 potest,
1013 3278 1041 3344 si
1064 3277 1134 3361 6616
1152 3275 1308 3343 adversus
1330 3277 1391 3342 hoc

149 3378 152 3384 ’
263 3371 407 3440 Arcades
434 3371 519 3437 inter
546 3371 703 3438 aeolicam
730 3373 862 3456 stirpem
883 3374 1044 3457 retulerit,
1074 3376 1191 3441 multas
1215 3381 1247 3440 et
1274 3392 1390 3456 graves

263 3469 360 3554 hujus
382 3469 562 3537 sententiae
584 3488 697 3535 causas
719 3470 749 3535 ci
771 3490 844 3538 esse
865 3471 1084 3555 proferendas.

805 3638 848 3705 Β.

348 3761 375 3824 Ι.
404 3760 452 3826 Ac
479 3761 616 3843 primum
646 3761 757 3844 quaeri
786 3761 899 3843 debet,
933 3763 1010 3844 quid
1038 3761 1080 3827 sit
1109 3762 1289 3830 Arcadibus
1317 3783 1389 3830 cum

265 3855 451 3921 omnibus
479 3854 757 3926 Aeolensibus
787 3879 916 3942 neque
944 3867 1079 3927 tamen
1107 3878 1190 3925 cum
1219 3861 1391 3926 1161166-
1451 3851 1457 3854 ’

266 3950 379 4018 61166
401 3971 578 4020 commune.
616 3955 731 4020 Mirum
752 3963 859 4021 autem
875 3961 960 4023 certe
980 3955 1188 4022 iudicandum
1211 3963 1259 4023 661
1280 3956 1390 4023 61111

265 4067 338 4115 6666
358 4048 443 4132 6661
465 4050 533 4118 iure
555 4052 617 4117 hoc
639 4053 710 4117 loco
732 4053 892 4120 afferatur.
