3218 4934
299 454 340 515 92
795 457 930 512 Baunaek

294 629 460 696 sententia
480 648 502 693 a
522 627 625 694 iorma
652 627 688 692 in
717 649 835 693 -εασι
852 614 1004 695 'exeunte
1049 629 1093 694 Ut
1115 630 1199 696 enim
1223 649 1264 711 ex
1286 627 1423 717 ἀνθρώ-

297 748 397 793 ποισι
430 721 633 809 ἀνθρώποις
640 774 649 804 ,
681 723 729 788 ita
762 744 802 792 ex
835 721 1005 810 ἆγώνεσσι
1037 726 1138 792 forma
1170 722 1324 810 *dyene
1356 728 1425 796 fieri

298 823 410 910 potuit,
434 842 517 909 quae
532 829 649 905 tamen,
672 821 933 906 quandoquidem
955 823 1171 890 nominativus
1193 825 1275 908 plur.
1294 827 1359 892 iam
1377 828 1424 894 ita

298 923 445 1006 sonabat,
469 920 578 987 deleta
598 919 652 985 vel
673 920 780 1004 potius
801 921 835 986 in
857 921 1077 1005 genetivorum
1098 921 1144 1004 pl.
1159 941 1223 987 see.
1245 920 1326 988 deol.
1349 945 1426 990 ana·

298 1020 418 1103 logiam
442 1025 490 1085 est
504 1016 645 1099 redaota,
670 1018 755 1100 quod
777 1018 889 1102 lingua
904 1026 1070 1100 utrumque
1086 1037 1195 1084 easnm
1210 1025 1297 1085 eerta
1319 1022 1425 1087 termi·
1443 1037 1445 1042 ·

297 1120 429 1185 natione
458 1115 613 1198 insignire
634 1115 765 1181 studuit.
810 1114 861 1180 Ad
884 1135 979 1199 quam
1001 1114 1130 1197 quidem
1156 1116 1423 1198 permutationem

298 1212 499 1283 efficiendam
521 1218 690 1297 praeterea
709 1211 844 1280 fortasse
859 1213 1058 1296 aliquantum
1075 1211 1180 1278 dualis
1202 1214 1424 1296 genetivorum

297 1313 332 1379 in
354 1334 446 1398 -αιν
469 1309 620 1392 analogia
634 1308 750 1392 attulit,
773 1310 827 1393 qui
848 1311 913 1377 iam
936 1311 1036 1377 multo
1057 1317 1156 1378 antea
1177 1311 1315 1379 similem
1336 1314 1424 1398 passi

298 1417 391 1478 erant
402 1406 623 1489 mutationem,
647 1406 681 1472 id
703 1407 788 1488 quod
810 1408 984 1474 verisimile
1005 1406 1050 1492 lit,
1072 1410 1101 1475 si
1115 1429 1172 1476 eas
1186 1411 1305 1477 formas
1326 1418 1425 1477 meta

297 1508 451 1592 plastioas
472 1505 537 1570 iam
559 1503 792 1586 antiquioribus
813 1505 1010 1589 temporibus
1032 1508 1163 1591 reperiri
1182 1508 1266 1574 inira
1287 1507 1422 1575 videbis.

298 1607 342 1672 Ut
363 1605 460 1688 igitur
477 1600 651 1667 seeundum
674 1599 769 1668 δυοῖν
784 1603 966 1669 Herodotus
985 1602 1129 1669 dativum
1151 1606 1286 1689 pluralis
1310 1605 1422 1670 δυοῖσι

297 1703 406 1783 (etiem
429 1722 480 1785 ap.
504 1700 642 1783 Hesyoh.
667 1697 794 1765 δυοῖσι
824 1711 898 1777 τοῖς
925 1700 1080 1780 δύο),ιι1
1066 1699 1326 1769 tseeundum”
1306 1725 1423 1770 οσσοιν

298 1800 430 1884 Sappho
452 1801 493 1863 28
516 1803 549 1863 et
565 1795 726 1863 Hesiodus
741 1798 792 1863 Se.
808 1796 1013 1876 416ὅσσαις
1036 1807 1068 1866 et
1090 1821 1227 1865 ασσοισι
1249 1799 1420 1882 finxerunt,

297 1899 343 1963 ita
364 1898 449 1963 aliae
470 1913 596 1978 quoque
610 1893 731 1960 formae
746 1900 821 1960 sunt
835 1901 933 1960 ortae.
967 1895 1144 1963 innumeri
1167 1897 1299 1963 ternarii
1320 1897 1423 1964 torma

297 1999 407 2079 τρίοις
436 1998 469 2058 et
497 1992 633 2058 aliarum
663 1991 816 2074 analogia
845 1997 877 2057 et
907 1991 1029 2058 formae
1058 1998 1144 2079 τρία,
1181 1999 1282 2079 τριῶν
1312 1996 1423 2077 magni

298 2090 452 2157 momenti
473 2089 572 2155 fuisse
593 2087 753 2154 videntur.
797 2089 941 2155 Similem
967 2089 1001 2154 in
1024 2089 1153 2156 modum
1175 2090 1351 2158 seeundum
1373 2111 1424 2157 ae

299 2189 476 2257 ousativum
498 2183 673 2271 θυγατέρα
701 2186 736 2251 in
761 2186 1021 2270 inseriptionibus
1044 2187 1201 2271 delphicis
1230 2195 1295 2271 (ap.
1317 2189 1367 2253 W.
1392 2195 1424 2255 et

299 2288 335 2352 F.
358 2289 432 2367 376,
462 2289 518 2368 113
548 2288 599 2367 46,
623 2287 642 2347 2
665 2288 737 2361 eto.)
766 2289 799 2348 st
827 2284 947 2366 argivis
975 2289 1040 2367 (ap.
1069 2285 1106 2350 B.
1132 2287 1225 2362 1226)
1253 2285 1423 2368 genetivus

298 2380 489 2469 θυγατέρος
521 2382 674 2447 formatus
708 2380 880 2446 invenitur.
934 2381 1057 2447 Eadem
1088 2381 1170 2447 ratio
1202 2380 1235 2446 in
1268 2381 1423 2467 Hesychii

297 2482 407 2567 glossa
434 2478 566 2566 γύναιξ·
595 2477 709 2564 γύναι,
738 2478 941 2562 conspicitur,
972 2497 1066 2561 quam
1090 2480 1234 2564 Guyetus
1263 2480 1348 2545 male
1369 2479 1422 2545 vel

296 2581 332 2646 in
359 2587 491 2663 γυναῖς·
519 2578 669 2661 γυναιξίν
691 2576 744 2642 vel
775 2575 808 2640 in
837 2580 949 2660 yvoni·
977 2588 1132 2660 γυναῖκες
1161 2584 1284 2642 mutare
1311 2576 1422 2657 voluit,

298 2697 358 2762 ogo
394 2675 626 2743 nominativum
662 2672 838 2740 seeundum
872 2691 965 2737 oesus
1006 2673 1153 2757 obliquos
1184 2673 1353 2739 formatum
1391 2679 1423 2739 et

299 2774 440 2841 vocativi
472 2773 543 2837 looo
579 2777 767 2854 usurpatum
806 2789 877 2835 esse
913 2770 1066 2853 suspicor.
1125 2769 1290 2835 Postremo
1323 2776 1423 2836 meta·

298 2872 451 2956 plastioos
478 2869 645 2952 genetivos
676 2864 842 2932 Οἰνακλέα
870 2868 934 2949 (ap.
957 2867 1007 2930 W.
1031 2874 1063 2932 et
1084 2866 1120 2930 F.
1144 2869 1177 2947 2,
1201 2870 1250 2948 4),
1279 2865 1420 2931 Δωκλὲα

299 2967 389 3046 (ibid.
420 2970 457 3048 4,
485 2969 535 3048 4),
565 2960 712 3029 Εὐτὲλαυ
743 2968 790 3045 (4,
821 2967 881 3047 13),
911 2960 1103 3047 Ἐργατέλου
1132 2966 1182 3044 (4,
1211 2966 1278 3042 18),
1307 2966 1423 3043 Δαμο-

299 3061 422 3147 κράταυ
446 3067 510 3145 (ap.
535 3063 570 3126 B.
597 3064 706 3144 1296),
720 3058 965 3148 ,Καλλικράτου
987 3063 1084 3139 (1249
1099 3064 1159 3137 ter)
1181 3061 1214 3125 in
1237 3061 1422 3125 memoriam

297 3179 424 3226 revoco.

384 3269 473 3334 Haeo
494 3287 598 3351 pauoa
613 3267 654 3334 de
669 3268 849 3334 dativorum
864 3268 996 3334 istorum
1012 3267 1135 3350 origine
1156 3266 1293 3351 praefati
1313 3285 1422 3333 eorum

300 3366 451 3450 exempla
477 3366 563 3431 hune
590 3365 623 3430 in
651 3366 756 3432 looum
778 3386 997 3450 congeramus.
1041 3365 1131 3444 Quae
1153 3363 1281 3446 quidem
1302 3363 1422 3448 reperi·

300 3473 395 3531 untur
416 3465 449 3529 in
471 3463 732 3546 inseriptionibus

388 3615 426 3677 A.
470 3612 665 3678 Graeciae
687 3611 1053 3694 septentrionalis:

385 3742 574 3825 „Inscriptio
600 3742 853 3808 Melitaeensium
883 3748 915 3808 et
936 3741 1137 3821 Perensium,
1166 3738 1299 3806 duorum
1322 3741 1422 3806 'Phes-

302 3839 403 3905 saliae
424 3840 623 3923 populorum,
647 3841 701 3922 qui
716 3840 848 3906 Aetolos
861 3839 998 3905 arbitros
1020 3843 1230 3921 sumpserant,
1252 3836 1310 3902 sub
1326 3837 1420 3903 finem

300 3936 385 4001 tertii
408 3957 428 4001 a
450 3936 508 4002 Ob.
531 3959 561 4003 n.
585 3938 726 4002 saeculi“
749 3937 910 4022 insoulpta
931 3936 1197 4018 lUssing,1nser
1218 3932 1304 4000 ined.
1327 3955 1358 4017 p.
1382 3939 1428 4018 63
1498 3981 1552 4029 s
1592 3977 1595 4022 ⁴,

300 4035 402 4116 Rang
426 4033 500 4098 Ant
525 4033 607 4100 Hell
629 4035 671 4116 II,
696 4038 758 4099 276
780 4056 832 4100 no.
857 4037 930 4110 692)
954 4033 1100 4100 exbibet:
1594 4031 1595 4038 ’
