3226 4948
314 461 356 515 De
373 456 485 513 ablativi
501 457 530 510 in
548 456 682 511 veteribus
700 457 799 526 linguis
817 457 915 512 italicis
933 458 1021 513 forma
1038 409 1066 514 et
1083 475 1135 516 usu
1152 459 1242 517 locali.
1277 457 1336 519 391

86 677 91 697 .
212 631 385 712 ablativus,
408 629 513 712 qualis
533 628 568 694 in
583 597 697 695 ceteris
719 628 837 712 linguis
852 628 1122 712 indegermanicis
1138 640 1150 693 ι
1165 631 1209 710 (d)
1232 633 1340 700 littera

213 731 367 795 formatus
387 727 558 807 invenitur,
587 727 663 793 talis
684 727 760 792 olim
783 727 817 792 in
838 727 949 794 italica
969 727 1080 811 fuerit,
1103 748 1208 812 neque
1230 749 1339 796 eorum

211 828 375 894 sententia
395 825 474 891 mihi
496 823 625 907 arridet,
649 825 706 907 qni
719 831 860 891 veterem
878 825 1012 891 ablativi
1033 824 1168 891 formam
1189 829 1256 894 alie
1279 828 1339 894 ior·

214 925 357 990 motione
385 941 570 1007 oppressam
593 941 664 988 esse
684 928 813 1006 putant,
844 942 907 1005 qua
928 923 1090 989 sententia
1113 925 1271 1007 Bergkius
1293 927 1340 991 ri-

212 1022 307 1088 detur
329 1041 405 1088 usus
428 1039 515 1102 esse3
544 1027 611 1085 turn
639 1018 752 1085 videas
773 1017 872 1086 velim
894 1019 1013 1086 formas
1034 1019 1176 1084 dormibo
1207 1029 1239 1088 et
1261 1023 1336 1086 dor-

211 1122 321 1198 miam,
348 1138 445 1202 quae,
477 1136 670 1201 quamquam
693 1116 831 1183 eandem
852 1117 917 1182 vim
940 1118 1077 1202 habent,
1107 1108 1216 1186 tamen
1239 1122 1337 1204 plene

211 1217 339 1283 diverso
362 1216 458 1282 modo
480 1215 635 1280 formatae
657 1218 741 1279 sunt.

298 1316 423 1398 Lingua
444 1320 552 1379 autem
574 1312 718 1400 umbrica
739 1331 902 1395 nunquam
924 1311 1044 1376 illudd
1064 1315 1216 1396 servavit,
1239 1323 1337 1399 atque

210 1433 295 1496 quae
317 1411 454 1493 vestigia
476 1411 690 1477 Buechelerus
713 1410 841 1486 (Tabnl.
858 1410 984 1492 Eugub.
1001 1409 1054 1476 VI.
1089 1411 1199 1477 Fleck.
1222 1413 1335 1479 Jahrb.

212 1511 233 1575 1.
259 1510 376 1575 Philol.
396 1510 475 1573 1875
497 1527 571 1591 pag.
588 1511 662 1576 3181
685 1527 721 1574 so
741 1508 906 1574 invenisse
928 1515 1035 1591 putat,
1058 1527 1098 1574 ea
1118 1509 1242 1575 incerta
1264 1528 1336 1576 esse
1392 1567 1397 1573 .

209 1607 454 1674 demonstrabo:

299 1710 327 1781 1)
353 1723 435 1787 pure
456 1703 541 1765 tedte
563 1710 637 1788 (quo
652 1701 758 1781 dante)
780 1703 846 1767 tab.
864 1704 901 1769 V.
917 1705 980 1766 ai
1007 1701 1120 1768 eodem
1143 1703 1211 1768 iure
1227 1703 1273 1769 sic
1289 1703 1336 1768 di-

210 1802 277 1867 vidi
301 1793 420 1884 potest:
453 1822 560 1885 prr-pe,
586 1801 778 1884 praesertim
798 1819 870 1864 cum
895 1800 1090 1866 buechelero
1112 1800 1219 1866 iudice
1242 1803 1337 1884 porri

209 1901 294 1985 (qui)
322 1899 441 1965 fectum
470 1899 512 1964 sit
537 1918 578 1964 ex
604 1899 726 1980 pro-rso
756 1896 833 1981 quid
855 1895 936 1961 illud
958 1900 990 1973 ,ri
1011 1898 1074 1971 (vel
1096 1919 1147 1974 pe,
1177 1899 1241 1972 roi,
1270 1919 1331 1972 roe,

208 2003 354 2063 exortum
371 2016 411 2062 ex
428 1997 479 2074 de)
500 1997 552 2077 sit,
576 1994 705 2061 difficile
727 2001 777 2062 est
798 1993 899 2077 dietu3
923 1994 1058 2062 fortasse
1080 2016 1143 2060 non
1167 1997 1265 2079 plane
1287 1997 1335 2064 in·

196 2102 283 2178 epte
306 2095 464 2178 quispiam
487 2094 594 2159 dicere
617 2093 719 2175 possit
739 2113 803 2157 non
827 2110 899 2158 esse
921 2092 1081 2158 diversum
1104 2113 1125 2157 a
1146 2114 1261 2177 graeco
1286 2093 1334 2175 ds,

207 2191 294 2273 quod
322 2191 564 2275 pronominibus
594 2190 757 2255 nonnullis
785 2188 915 2255 additur
941 2185 1026 2268 (ὅδε)
1057 2195 1153 2272 atque
1185 2193 1336 2260 cohaeret

206 2307 280 2353 cum
302 2288 401 2352 latino
424 2289 504 2360 dom,
528 2289 606 2350 dem.

283 2388 327 2472 2)
363 2385 399 2448 In
422 2386 533 2450 tabula
556 2383 609 2447 Vl.
632 2403 661 2448 a.
686 2387 705 2445 5
727 2383 843 2464 legitur
864 2384 947 2444 serni
963 2385 1061 2466 pirri,
1086 2385 1170 2466 quod
1194 2387 1334 2455 Bueche-
1412 2392 1415 2396 ’

208 2482 294 2548 lorus
315 2481 491 2548 rectissime
513 2480 623 2547 vertit:
645 2480 719 2541 sede
741 2499 811 2562 quo.
848 2480 890 2543 At
909 2481 994 2562 pirri
1014 2500 1077 2544 non
1101 2488 1149 2546 est
1171 2483 1333 2551 ablativus

206 2580 266 2646 sed
289 2579 445 2644 locativus
469 2579 582 2664 ρι’-νή,
612 2577 665 2659 qui
690 2595 783 2642 casus
805 2582 910 2642 exstat
931 2577 964 2641 in
987 2577 1094 2642 verbis
1121 2581 1204 2640 cerri
1224 2580 1331 2662 (redi),

206 2676 334 2749 corni-b,
364 2696 449 2749 erse,
478 2675 544 2740 tab.
568 2673 623 2737 VI.
646 2694 675 2740 a.
700 2678 728 2754 5,
753 2675 789 2754 83
819 2674 928 2756 itaque
949 2694 1019 2735 erse
1036 2675 1124 2758 pr'rsi
1142 2677 1332 2743 vertendum
1394 2715 1397 2722 ·

206 2783 256 2842 est
277 2774 329 2837 bie
343 2773 403 2848 obz‘,
427 2795 491 2838 non
514 2782 578 2835 tom
593 2792 677 2846 eom,
700 2790 795 2853 quam
817 2771 1009 2836 sententiam
1026 2772 1158 2838 Brealus
1180 2776 1331 2858 sequitur,

205 2893 277 2939 curn
300 2873 355 2939 rix
377 2871 471 2952 nobis
493 2868 670 2936 concedere
691 2868 860 2953 possimus,
884 2874 918 2932 ut
939 2867 973 2931 in
995 2868 1106 2951 lingna
1120 2871 1198 2936 satis
1220 2872 1332 2955 ignota

205 2971 320 3037 eadem
343 2971 452 3052 verba,
475 2973 663 3051 argumento
686 2974 772 3034 certo
795 2964 973 3046 deficiente,
998 2964 1124 3032 diverso
1146 2969 1242 3034 modo
1263 2990 1332 3037 rer-

206 3075 323 3134 tantur.

129 3171 131 3176 ’
292 3166 375 3230 Num
398 3164 496 3229 liceat
516 3164 549 3229 in
572 3171 715 3229 veterum
738 3164 953 3228 Romanorum
981 3162 1108 3246 scriptis
1130 3162 1212 3227 illud
1233 3165 1257 3226 d
1276 3165 1331 3230 ab·

206 3261 298 3326 lativi
319 3262 495 3341 restituere,
517 3259 552 3326 id
574 3260 659 3343 quod
673 3259 867 3326 Ritsebelius
888 3259 920 3324 in
938 3259 1043 3325 Plauti
1066 3260 1185 3326 fabulis
1198 3269 1330 3329 conatus

204 3365 270 3438 est,
300 3377 371 3423 cum
393 3359 455 3423 bac
478 3357 518 3424 de
540 3377 575 3423 re
597 3359 660 3423 iam
685 3357 874 3441 saepissime
896 3358 1074 3439 quaesitum
1096 3356 1153 3438 sit,
1183 3358 1267 3423 inira
1289 3358 1330 3426 de

205 3455 317 3539 paucis
332 3455 427 3521 modo
442 3456 551 3523 formis
566 3445 816 3538 disputabimus3
839 3454 873 3519 id
887 3455 1000 3537 negari
1015 3473 1080 3518 non
1095 3460 1210 3536 potest,
1230 3455 1330 3521 verba

205 3553 328 3637 primae
358 3560 390 3620 et
419 3554 581 3620 secundae
611 3552 836 3619 declinationis
858 3550 1037 3617 diutissime
1058 3549 1140 3615 illud
1163 3551 1330 3618 dconser·

205 3669 316 3732 vasso,
348 3650 382 3714 id
404 3651 490 3733 qnod
511 3651 734 3734 inscriptiones
757 3649 979 3715 demonstrant
1001 3649 1078 3714 bae:
1109 3647 1143 3712 O.
1166 3647 1192 3711 Ι.
1217 3648 1242 3728 1,
1269 3653 1326 3715 181

204 3767 280 3811 uere
302 3749 500 3832 mollicatod3
529 3751 554 3830 1,
578 3753 618 3815 30
645 3745 790 3811 marono
807 3755 902 3831 patre
919 3737 1112 3828 proponitur,
1144 3743 1230 3838 quod
1253 3745 1330 3811 Les-

204 3847 295 3912 kieni
317 3847 477 3913 sententia
499 3847 635 3931 probata
655 3865 694 3910 ea
716 3863 751 3908 re
773 3843 927 3928 explicari
947 3844 1059 3926 possit,
1083 3842 1168 3924 quod
1190 3841 1253 3907 bae
1276 3842 1330 3909 de-

204 3944 395 4011 clinationes
418 3945 506 4011 solae
521 3945 589 4010 iure
602 3943 685 4008 illud
700 3943 722 4004 d
736 3941 946 4024 possederint.
969 3975 1011 3988 -—
1033 3940 1146 4023 Neque
1167 3960 1240 4006 raro
1263 3941 1327 4006 iarn

202 4042 434 4126 antiquissimis
456 4041 652 4126 temporibus
674 4037 837 4104 nominum
860 4037 975 4120 stirpes
996 4039 1030 4103 in
1052 4045 1281 4105 consonantem
1296 4046 1328 4104 et
