3218 4934
621 476 742 532 Schedaa
759 476 958 546 grammaticae.
1144 478 1151 502 ¹
1314 448 1356 540 99

226 647 452 732 προύβοινον;
476 647 594 715 similia
617 656 691 714 sunt
712 653 862 736 exempla
882 649 1046 734 μούδόκει
1068 673 1126 737 pro
1148 653 1209 736 μοὶ
1230 651 1355 731 ἐδόκει,

227 743 327 829 οὑμοί
348 764 407 832 pro
431 742 465 811 οἰ
487 743 573 828 ἐμοί,
599 736 713 831 μοῦνώ
736 769 794 832 pro
816 751 877 832 μοὶ
899 747 975 835 ἐγώ.

315 849 365 922 10)
402 839 656 910 εἰσ-ι’·οντο·
680 843 934 932 εἰσήρχοντο
1106 907 1107 910 ,

227 943 298 1008 sine
325 941 424 1007 dnbio
453 939 550 1006 medii
571 941 749 1026 imperfecti
777 965 917 1030 persona
937 944 1032 1011 tertia
1053 945 1188 1029 pluralis
1210 951 1268 1012 est.
1312 945 1357 1012 Ut
1480 983 1481 986 =

220 1040 383 1107 mediales
405 1038 496 1106 verbi
513 1035 584 1121 cipi
598 1039 720 1107 formae
736 1051 902 1108 occurrunt
920 1030 1117 1127 (icosium,
1140 1039 1286 1124 ἐ’σομαι),
1309 1043 1357 1107 ita

227 1135 410 1203 εἰσ-ί-υντο
434 1136 475 1201 ab
499 1133 595 1202 εἰσίω
618 1157 676 1220 pro
699 1135 826 1223 εἴσειμι
848 1139 1027 1206 derivatum
1050 1147 1109 1206 est.

310 1237 366 1311 il)
397 1231 463 1298 ἰον·
481 1231 663 1318 ἀφίκοντο·
679 1231 799 1313 ἄνθος.
820 1235 1006 1321 πρόβατον.
1030 1233 1166 1320 εἷρπον·
1183 1237 1240 1302 καί
1254 1233 1355 1323 βέλος

228 1328 363 1410 υοξικὸν
387 1330 444 1395 καὶ
471 1328 575 1412 μόνον
599 1325 622 1416 ἢ
645 1330 786 1418 σκώληξ.
831 1335 920 1400 Haec
948 1335 1058 1418 glossa
1087 1334 1184 1400 hasce
1211 1333 1356 1417 singulas

110 1463 114 1469 ·
226 1427 462 1511 complectitur:

311 1526 344 1591 al
381 1522 464 1587 ἰον·
495 1519 706 1610 ἀφίκοντο
733 1530 803 1611 (pro
826 1521 998 1610 πρόβατον
1022 1527 1120 1593 velim
1143 1522 1356 1610 προῦβαι-

226 1617 656 1705 νονεσνίδοι·ο)εῖρπον.
1062 1637 1073 1650 ·
1115 1615 1118 1620 ’

311 1718 345 1793 ἰν)
382 1716 453 1783 ἰόν·
476 1715 595 1794 ἄνθος.

311 1819 340 1892 cl
379 1812 449 1881 ἰόν·
470 1813 572 1898 βέλος
586 1815 722 1898 τοξικόν
737 1822 787 1884 est
801 1837 906 1884 accus.
922 1818 1012 1884 verbi
1032 1815 1084 1895 ἰός
1106 1817 1245 1902 „sagitta
1253 1817 1355 1900 “,cfn

226 1914 302 1980 Hes.
327 1911 389 1979 ἰοί·
413 1911 455 1977 τὰ
477 1911 571 2000 βέλη.

312 2009 344 2087 d)
381 2008 451 2075 ἰον·
474 2008 589 2092 μόνον.

310 2112 341 2185 e)
380 2105 440 2186 ἰόν,
465 2109 668 2175 accusativus
683 2110 832 2175 vocabuli
848 2107 915 2187 ἰός·
939 2107 1080 2198 σκώληξ,
1104 2129 1224 2193 aerugo
1239 2109 1356 2176 vermi-

225 2207 353 2271 colaris.

245 2323 249 2336 ·
311 2302 401 2368 Idem
424 2301 506 2366 illud
527 2299 597 2366 ἰ-ον
619 2309 869 2369 commemorant
895 2303 1095 2388 grammatici
1117 2304 1257 2386 quidam,
1280 2324 1355 2388 quo·

226 2421 295 2464 rum
318 2399 419 2464 verba
441 2397 547 2464 adhuc
569 2399 713 2481 intellegi
742 2422 807 2466 non
835 2409 1001 2484 poterant:
1039 2401 1094 2467 cfr.
1117 2401 1200 2466 Anu.
1224 2399 1306 2468 Oxx.
1329 2403 1354 2484 I,

231 2498 300 2576 128,
324 2498 376 2575 27,
407 2496 513 2578 Etym.
537 2496 621 2577 Mag.
646 2500 718 2576 30i,
742 2501 793 2577 38,
824 2499 874 2562 Et.
898 2498 982 2563 Gud.
1008 2501 1078 2579 174,
1102 2502 1159 2568 403
1190 2496 1249 2563 εἰον
1272 2497 1355 2583 ypol-

102 2629 105 2634 ‡
228 2615 331 2680 φεται
353 2593 410 2658 καί
435 2589 492 2657 διὰ
517 2590 710 2677 διφδόγγον
730 2594 786 2657 καί
809 2592 866 2658 διὰ
888 2601 948 2659 τοῦ
972 2592 1065 2660 ἰῶτα.
1086 2592 1206 2659 τούτου
1223 2591 1241 2659 δ
1258 2592 1354 2679 οἰόρι-

227 2713 307 2767 στος
334 2687 388 2754 ἰον
412 2685 479 2754 διοί
508 2695 568 2754 τοῦ
604 2685 697 2752 ἰῶτα.
742 2689 949 2756 Grammatici
977 2691 1074 2774 igitur
1108 2689 1168 2756 εἰω
1201 2696 1355 2773 tanquam
1399 2763 1401 2768 ,
1451 2767 1453 2771 ¹

148 2799 151 2806 '
227 2787 389 2855 secundae
421 2786 591 2852 verborum
625 2786 738 2852 classis
772 2786 869 2865 (curt.
901 2789 1041 2854 Gramm.
1072 2809 1104 2872 p.
1131 2790 1184 2863 98)
1219 2787 1353 2853 verbum

226 2884 415 2952 tractavisse
444 2883 603 2965 videntur,
634 2883 680 2949 ita
701 2890 736 2948 ut
759 2882 835 2951 εἶν’-ω
859 2892 891 2950 et
915 2884 986 2950 ἰ’-ον
1009 2905 1080 2951 curn
1108 2885 1217 2951 formis
1245 2885 1353 2951 λείπω

227 2990 259 3050 et
281 2981 445 3060 ἰ-ἰιυε-ον,
475 2979 590 3068 φεύγω
620 2987 652 3047 et
681 2978 841 3068 ἰ-φυγυν
867 2988 1100 3066 compararent.
1145 2982 1292 3051 Ceterum
1314 2985 1355 3048 si-

227 3081 294 3146 mili
310 3080 406 3147 modo
421 3080 543 3164 formae
558 3077 692 3145 ἐδίδουν
712 3101 771 3164 pro
786 3077 994 3160 *ἰ-δίδο-ον,
1018 3079 1152 3159 ἐδίδους
1167 3102 1225 3166 pro
1240 3079 1354 3148 *ἰ-δί-

227 3177 332 3257 δο-ες,
355 3176 472 3244 ἐδίδου
489 3198 546 3260 pro
562 3174 745 3256 *ἰ-δίδο-ε,
762 3175 873 3243 εἰνυον
894 3181 948 3257 (ex
962 3176 1197 3245 *ἒ-εεσ-νυ-ον
1213 3179 1268 3245 cir.
1285 3165 1354 3246 εἰν-

227 3299 294 3352 νυν,
312 3270 520 3360 ἠμφιέννυν),
537 3270 646 3356 ὤμνυε
663 3273 789 3356 (Epich.
802 3279 841 3339 71
859 3275 914 3340 cfr.
927 3271 1032 3357 ὤμνυ)
1046 3278 1078 3342 in
1094 3277 1368 3361 coniugationem-

227 3370 260 3434 in
284 3393 328 3432 -w
351 3369 555 3436 transierunt.

312 3466 425 3550 itaque
452 3467 563 3532 variae
590 3467 678 3534 vocis
707 3462 778 3550 εἰμι
805 3468 983 3553 imperfecti
1010 3471 1147 3550 formae,
1176 3488 1256 3552 quas
1284 3469 1354 3536 bre

226 3564 310 3630 viter
336 3562 371 3628 in
394 3583 492 3627 unum
515 3570 719 3648 conspectum
748 3585 834 3634 nuno
855 3585 1080 3651 congeramus,
1111 3573 1185 3632 sunt
1212 3565 1298 3638 hunc
1319 3567 1353 3632 in

226 3659 357 3727 modum
380 3659 609 3744 explicandae:

316 3764 345 3836 1)
368 3757 592 3842 Imperfectum
616 3754 711 3846 Ιη’-ειν
723 3780 744 3825 a
758 3758 867 3826 radice
888 3759 1094 3843 amplificata,
1118 3761 1249 3842 quaein
1265 3758 1352 3841 εἰ-ω,

228 3854 392 3938 εἰ-σομοι,
417 3853 578 3944 εἰ-σάμην
601 3859 735 3923 occurrit
757 3857 825 3940 (cir.
841 3852 954 3944 ᾔδ-ειν
970 3879 990 3922 a
1004 3859 1104 3942 stirpe
1127 3855 1181 3923 εἰδ
1202 3857 1236 3922 in
1259 3855 1352 3938 εἰδῶ,

228 3951 379 4042 εἰδείην),
402 3952 582 4021 derivatum
599 3959 696 4020 estet
717 3954 1021 4038 plusquamperfectf
1042 3955 1283 4022 terminationes
1298 3976 1373 4046 cn·¹
1444 3943 1449 3950 ’
1470 4011 1479 4021 ,

227 4050 326 4116 hibet.
371 4051 488 4118 Forma
514 4041 558 4136 ᾖα
587 4072 669 4135 quae
697 4074 755 4136 pro
783 4047 873 4138 ᾔ-ειν
904 4052 1033 4136 saepius
1061 4053 1188 4188 legitur,
1216 4054 1354 4121 fortasse

1109 4156 1123 4204 ι
