3226 4948
305 470 347 540 De
365 467 476 524 ablativi
493 469 521 522 in
539 467 674 522 veteribus
694 467 790 535 linguis
808 458 906 522 italicis
924 467 1013 523 formu
1031 471 1057 523 et
1076 486 1127 523 usu
1144 469 1232 523 loculi.
1269 466 1330 527 407

292 645 325 718 7)
346 639 512 726 prllrlropld
532 641 565 707 O.
582 641 620 706 A.
638 643 704 724 5231
718 646 740 705 t.
758 640 849 706 Bant.
868 644 902 706 8:
923 641 1068 724 poeops‘d,
1093 641 1179 724 quod
1201 643 1333 710 Momm·

203 759 302 806 senus
318 759 433 821 graeco
452 744 537 804 ποτέ
560 746 739 823 comparat3
763 739 924 804 sententie
938 737 1097 820 Enderisi,
1122 759 1163 804 ex
1186 760 1249 822 qua
1271 740 1331 806 hoc

129 899 130 904 ,
206 837 340 902 verbnm
361 836 479 901 lactum
502 842 614 903 estex
637 835 839 920 port-lrapr'd,
863 836 986 900 nullam
1009 835 1109 907 habet
1131 837 1206 903 vim.

293 937 324 1010 8)
354 927 491 1018 [pldlled
509 931 561 996 oid
584 931 684 997 cruori
714 933 756 999 ist
778 932 812 999 Ο.
835 934 873 998 A.
898 937 938 997 56
960 953 1025 998 non
1049 940 1115 1015 est,
1146 954 1201 1000 our
1222 954 1331 1000 nono

128 1115 132 1122 ι
204 1051 268 1116 quo
289 1032 341 1092 oio
362 1037 539 1096 convertas.

291 1128 412 1192 Summi
435 1147 510 1192 vero
533 1127 686 1193 momenti
708 1135 782 1194 sunt
805 1127 955 1210 exempla
977 1128 1066 1194 haec.

291 1229 321 1300 9)
343 1223 797 1308 slaapldpodter.A.12;
821 1223 862 1288 de
884 1225 983 1289 verbo
1005 1225 1331 1308 tremiscentes
1389 1263 1393 1271 s

204 1323 238 1387 in
261 1324 433 1392 annalibus
453 1323 634 1405 antiquitat
626 1343 653 1388 rs
669 1329 698 1388 st
685 1322 842 1387 tudiorum
863 1323 943 1384 1847
959 1341 1032 1404 pag.
1048 1324 1109 1387 493
1132 1324 1178 1388 sic
1195 1322 1330 1390 iudicat:

203 1439 262 1497 ,so
285 1421 348 1485 viel
371 1420 495 1486 soheint
517 1420 579 1486 lest
566 1428 634 1485 tuus
637 1419 743 1502 tehen,
767 1418 844 1484 dcss
861 1418 919 1482 das
934 1419 1067 1483 Wort'
1040 1439 1113 1484 eme
1128 1417 1330 1503 Ortsangebe

204 1518 341 1600 enthdlt,
363 1518 433 1584 also
449 1517 507 1583 der
520 1517 652 1583 Ablativ
667 1517 700 1581 in
716 1517 821 1582 dieser
837 1516 1039 1581 Declination
1054 1515 1103 1580 tltr
1119 1515 1181 1582 den
1197 1517 1330 1583 Locativ

202 1615 322 1681 steht.“
354 1615 544 1682 Rectissime
562 1614 691 1698 quidem
714 1615 788 1679 huic
803 1613 911 1693 verbo,
935 1614 1024 1678 cuius
1047 1615 1243 1698 etymologia
1264 1636 1330 1682 non

143 1786 145 1788 ,
203 1713 302 1795 plane
323 1707 400 1778 nota
422 1719 485 1796 est,
514 1713 651 1778 localem
673 1711 738 1776 rim
761 1713 869 1779 inesse
890 1711 1065 1792 intellexit,
1089 1710 1147 1776 sed
1170 1712 1246 1794 quid
1269 1713 1331 1778 sibi

147 1815 149 1820 '
203 1811 283 1876 velit
304 1809 385 1874 illud
407 1811 539 1894 slonpid,
562 1810 698 1876 sortasse
720 1827 884 1890 nunquam
907 1808 1061 1890 elucebit,
1084 1809 1329 1892 aMommseno,

203 1925 298 1988 quem
328 1926 440 1972 omnes
469 1907 526 1972 elii
548 1913 732 1990 sequuntur,
762 1906 808 1972 sic
837 1904 1032 1988 explicatur:
1070 1905 1138 1967 loco
1162 1907 1247 1990 quod
1267 1916 1329 1989 ειη

202 2022 299 2086 quem
321 2024 391 2070 cum
414 2026 479 2071 non
501 2005 625 2089 fugeret
646 2005 680 2069 in
703 2001 847 2068 ablativo
869 2021 1020 2084 magnam
1041 2000 1261 2098 difficultatem
1284 2005 1331 2070 in·

203 2119 284 2182 esse,
300 2103 569 2190 praepositionem
585 2123 622 2165 en
638 2108 714 2168 ente
727 2100 852 2183 cleopid
868 2098 1026 2165 excidisse
1041 2101 1176 2182 putavit.
1207 2100 1274 2166 Sed
1288 2120 1330 2167 ne

202 2199 250 2264 sic
266 2198 394 2280 quidem
411 2198 452 2266 d'e
467 2201 627 2266 sententia
645 2198 708 2265 loci
723 2200 801 2265 satis
816 2203 951 2278 constat,
971 2215 1010 2262 ac
1025 2216 1139 2280 parum
1155 2198 1331 2265 verisimile

203 2302 253 2360 est
265 2295 298 2358 in
310 2294 425 2360 eedem
441 2295 553 2377 lingua
567 2294 739 2360 locativum
751 2301 784 2359 et
799 2314 835 2356 en
852 2313 921 2358 cum
937 2295 1079 2359 ablativo
1095 2296 1129 2359 in
1146 2314 1204 2360 usu
1220 2295 1330 2363 tuisse.

293 2395 342 2466 10)
373 2390 444 2454 eldlr
465 2389 667 2454 sudurolrldm
690 2389 882 2454 Briouiocdd
901 2390 1061 2471 elfledosed.
1101 2393 1183 2456 und.
1207 2392 1329 2458 XXIV.
1392 2450 1394 2454 ,

205 2489 266 2554 ΜΟ·
289 2489 550 2652 graAslIgtirAilgm
561 2587 702 2648 Boviani
711 2587 926 2650 Mommsenus
937 2584 1112 2665 nonnullis,
1128 2603 1211 2666 quae
1226 2583 1329 2663 affert,

203 2683 362 2767 exemplis
389 2683 529 2759 (decurio
559 2684 659 2764 Nola,
690 2683 773 2747 IIvir
802 2681 953 2759 Venafro)
982 2680 1157 2747 defendere
1185 2688 1329 2764 conatur,

202 2782 262 2848 sed
286 2780 374 2847 allud
397 2787 445 2846 est
467 2781 594 2844 decurio
612 2780 699 2843 Nolo
721 2779 810 2845 alind
833 2778 1039 2842 dicBooiono
1062 2779 1093 2854 (i.
1110 2798 1138 2844 e.
1162 2779 1328 2861 Boviani),

204 2899 279 2944 nam
294 2876 496 2941 cudurolrldm
511 2875 703 2960 Bdonr'ondd
717 2878 882 2956 (sacellum
899 2874 1047 2948 Boviani)
1071 2874 1132 2940 hoc
1153 2877 1223 2941 loco
1239 2876 1328 2942 nullo
1421 2941 1425 2943 ,

204 2975 299 3042 modo
315 2975 520 3057 intellegitur,
545 2974 703 3057 quoniam·
717 2973 886 3057 genetivus
902 2977 1116 3056 exspectatur,
1140 2973 1328 3056 praesertim
1344 3034 1350 3040 ,

204 3092 275 3138 cum
291 3071 372 3148 clrilr,
396 3072 481 3154 quod
497 3072 669 3156 antecedit,
684 3072 766 3138 nihil
782 3071 844 3136 nisi
859 3069 1001 3134 Boviani
1012 3089 1083 3137 esse
1104 3069 1214 3154 possit.
1243 3069 1328 3135 Num

204 3168 277 3231 edile
293 3219 300 3234 .
318 3218 325 3233 .
341 3167 533 3233 Bdnciondd
553 3170 617 3243 (hio
632 3169 778 3245 Boviani)
800 3167 1059 3248 coniungendum
1081 3169 1131 3248 sit,
1155 3166 1241 3251 quod
1263 3169 1347 3250 qui.

203 3265 278 3331 dem
309 3266 407 3348 plane
435 3265 539 3331 rotelli
560 3267 651 3330 nullo
676 3265 771 3330 modo
797 3271 917 3348 potest,
948 3264 1024 3328 mihi
1048 3264 1179 3329 dubium
1203 3264 1330 3330 videtur

205 3382 278 3429 csse
300 3362 419 3428 similes
442 3362 676 3428 enuntiationes
697 3362 894 3445 comparanti
915 3361 989 3427 hes:
1017 3359 1163 3424 mdlnilrel
1184 3359 1263 3423 torel
1285 3362 1329 3439 (in

140 3533 147 3540 ,
205 3469 293 3524 terro
316 3461 482 3537 communi)
505 3459 539 3525 O.
562 3461 600 3525 A.
628 3462 675 3540 19,
698 3459 861 3532 Frentrcr',
885 3459 923 3523 ci.
946 3477 1020 3542 pag.
1044 3463 1129 3533 400).
1152 3493 1193 3504 -
1216 3458 1329 3540 Itaque

205 3558 290 3622 huno
312 3544 415 3622 locum
439 3557 484 3622 sic
504 3557 676 3642 intellego:
705 3556 835 3620 meddim
857 3557 969 3619 lunens
987 3603 993 3620 .
1011 3603 1043 3620 ..
1066 3553 1221 3626 Bouiano,
1246 3573 1330 3636 quse

203 3653 366 3720 sententia
383 3653 548 3736 exemplis,
563 3674 656 3736 quae
671 3655 887 3720 Mommsenns
907 3653 1011 3734 affert,
1034 3652 1167 3717 adiuvat
1154 3659 1214 3717 ι.ιιι
1248 3651 1330 3718 Oun-

203 3749 383 3818 cedendum
407 3750 535 3864 quidem
558 3757 607 3817 est
629 3750 798 3817 verborum
820 3749 974 3830 ordinem,
999 3751 1060 3815 hnc
1074 3769 1132 3817 sen
1134 3749 1236 3815 tentia
1258 3769 1330 3832 pro·

205 3849 298 3927 bet,a
311 3867 393 3914 esse
414 3849 538 3930 mirum,
563 3847 622 3914 sed
642 3847 699 3914 ille
721 3848 819 3914 verbo
841 3844 1043 3911 sodorolrldm
1065 3864 1192 3929 semper
1215 3845 1329 3912 distur-

205 3947 262 4012 bat
248 3953 308 4012 tur

292 4043 382 4122 Quae
405 4063 474 4108 cum
497 4043 543 4108 ita
565 4042 644 4122 sint,
669 4042 906 4108 demonstrasse
928 4041 1006 4106 mihi
1029 4041 1169 4108 videor
1161 4061 1194 4106 m
1217 4040 1330 4123 lingue
