3226 4948
533 450 574 503 De
591 449 731 504 Alcmanis
748 452 845 517 poetae
863 447 989 502 dialecto.
1263 443 1324 507 365
1400 477 1402 482 ·

201 647 287 709 mus,
309 641 416 706 noque
437 620 534 687 latius
555 627 666 687 nostra
683 620 841 686 dialectus
858 618 1020 702 digamma
1034 618 1209 701 retinuerit,
1232 641 1327 703 quam

200 731 326 790 ceterae
342 719 473 786 Doridis
495 720 628 805 species,
651 739 711 786 nec
727 718 832 784 minus
855 718 928 783 lato.
964 717 1047 782 Nam
1064 715 1149 798 quod
1172 737 1328 800 gramma-

201 819 344 903 tici,.ubi
367 817 409 884 de
431 816 590 900 digammi‘
606 839 666 883 usu
688 823 856 897 testantur,
880 815 1124 882 cDoriensibus
1138 816 1327 881 nominatim

203 919 341 1006 affer-unt
362 917 525 995 Lacones,
554 915 589 980 i·d
617 915 736 980 iactum
766 933 838 980 esse
860 912 997 994 videtur,
1010 912 1102 1006 ¹quia
1130 930 1239 980 eorum
1261 913 1327 979 dia-

201 1018 333 1096 lectum,
357 1033 440 1096 quae
462 1013 564 1080 literis
587 1013 715 1079 exculta
737 1019 821 1092 erat,
844 1011 947 1094 magis
970 1010 1135 1077 habebant
1156 1011 1326 1094 cognitam,
1454 1067 1460 1072 .,

202 1123 234 1182 et
255 1133 357 1196 aeque
380 1110 421 1177 de
444 1111 574 1177 Aeolico
603 1117 635 1176 et
658 1109 807 1176 Boeotico
831 1109 984 1191 digammi
1010 1129 1069 1174 usu
1091 1117 1262 1192 supersunt
1283 1117 1328 1177 te·

202 1210 360 1279 stimonia.
404 1211 486 1276 Item
508 1207 636 1275 fortuito
659 1207 759 1274 solius
780 1207 960 1273 Laconicae
983 1206 1112 1273 dialecti
1142 1208 1328 1274 recentioris
1448 1251 1450 1254 -

202 1309 352 1393 exempla
374 1306 527 1389 digammi
549 1307 583 1370 in
606 1309 628 1388 β
650 1296 764 1371 mutati
786 1312 897 1370 extare
920 1303 1126 1387 crediderim,
1149 1323 1224 1368 narn
1248 1305 1327 1372 haec

202 1406 310 1473 omnia
333 1426 351 1472 c
373 1403 540 1470 Laconicis
568 1403 685 1486 glossis
706 1402 931 1486 Aristophanis
955 1401 1102 1484 Byzantii
1131 1399 1261 1468 fluxisse
1283 1403 1327 1466 vi-

202 1503 327 1585 dentur,
349 1522 420 1568 cum
444 1524 509 1568 non
531 1501 684 1568 traditum
707 1500 757 1580 sit,
782 1519 823 1564 ex
838 1500 910 1566 aliis
934 1498 1079 1564 dialectis
1100 1501 1327 1581 grammaticos

201 1600 432 1684 conquisivissc
454 1601 684 1667 reconditiores
704 1599 833 1663 formas.
878 1596 969 1676 Quae
991 1615 1061 1661 cum
1083 1595 1131 1660 ita
1151 1596 1224 1680 sint,
1247 1598 1328 1664 rcri-
1401 1654 1402 1657 ,

145 1765 148 1770 ,
201 1700 306 1766 simile
328 1705 391 1778 est,
421 1705 456 1763 ut
477 1697 510 1762 in
533 1697 649 1763 ceteris
671 1696 802 1762 Doridis
823 1701 856 1761 et
878 1692 1026 1760 Aeolidis
1051 1692 1215 1777 dialectis,
1245 1716 1329 1779 quac

203 1797 287 1863 inter
315 1796 435 1861 formas
463 1795 542 1861 satis
570 1800 714 1860 vetustas
739 1797 836 1873 Aac,
865 1791 999 1869 strae,
1030 1789 1178 1876 dorotea,
1208 1794 1328 1871 κλέεος

202 1894 324 1960 similes
350 1893 488 1977 neglecti
517 1911 643 1975 quoque
673 1891 824 1974 digammi
848 1890 999 1976 exempla
1028 1887 1198 1975 exhihent,
1227 1892 1273 1958 ita
1294 1893 1328 1960 in

172 2047 174 2054 ,
201 1991 380 2075 antiquiore
402 1989 541 2056 dialecto
564 1989 724 2055 Laconica
753 1987 915 2072 digamma
942 1988 1111 2073 paullatim
1134 2008 1329 2060 evanescere

202 2089 346 2172 coepisse
370 2087 419 2164 (cl.
444 2088 553 2171 Bergk
575 2087 637 2152 Lit.
661 2087 774 2153 Graec.
798 2087 871 2154 hist.
894 2088 910 2151 I
933 2090 1017 2164 857).

287 2185 383 2270 Apud
405 2185 593 2251 Alcmanem
622 2185 725 2251 multa
754 2192 828 2250 sunt
849 2184 1004 2266 digammi
1029 2184 1165 2269 indicia,
1195 2186 1252 2254 sed
1280 2207 1330 2254 rc·

202 2283 366 2366 periuntur
388 2301 528 2363 quoque,
552 2300 634 2363 quae
657 2281 686 2345 ei
708 2290 896 2364 repugnent.
942 2284 1102 2365 Exempla
1124 2292 1229 2350 autern
1254 2305 1329 2353 enu-

202 2398 326 2445 merare
349 2377 553 2462 supersedeo,
577 2385 746 2461 postquam
763 2379 889 2444 Ahrens
905 2379 1021 2443 Philol.
1039 2380 1169 2444 XXVII
1186 2385 1246 2446 620
1259 2403 1327 2466 sqq.

203 2486 234 2542 ct
257 2475 378 2541 Olemm
402 2473 492 2540 Stud.
516 2475 566 2540 IX
588 2477 650 2538 449
666 2494 735 2557 sqq.
758 2483 823 2539 tam
853 2476 983 2558 copiose
1012 2475 1053 2542 de
1081 2477 1199 2542 haere
1223 2477 1328 2560 dispu-

202 2580 319 2639 tarunt.
364 2573 454 2638 Duas
475 2578 598 2637 tantum
622 2573 777 2638 lectiones
799 2571 944 2638 codicum
972 2573 1147 2656 proferam,
1178 2593 1258 2655 quas
1280 2575 1329 2641 illi

202 2670 497 2755 praetermiserunt,
539 2689 609 2735 cum
642 2671 676 2736 in
708 2670 749 2735 iis
782 2669 917 2736 tortasse
951 2667 1123 2753 digamma
1146 2678 1327 2754 corruptum

203 2771 313 2835 lateat.
353 2767 390 2832 ir.
413 2772 451 2832 41
481 2766 584 2834 codex
610 2767 744 2852 praebet
772 2756 841 2831 ciro
864 2763 918 2845 θ’,
953 2767 1041 2851 quod
1069 2788 1139 2833 curn
1168 2768 1201 2833 in
1231 2764 1326 2836 riad’

140 2899 143 2905 ·
203 2866 355 2931 mutarint
387 2864 541 2947 editores,
578 2864 666 2958 lraud
701 2865 767 2931 scio
802 2885 845 2930 an
875 2860 1010 2930 olscd’
1040 2865 1242 2931 scribendum
1277 2869 1327 2933 sit.

203 2963 241 3029 of.
266 2963 418 3056 Hesychii
445 2964 586 3046 glossam
617 2960 787 3046 ἐξωβάδια
816 2970 849 3030 et
874 2963 1037 3046 Brugman
1066 2962 1157 3028 Stud.
1182 2964 1229 3029 IV
1258 2968 1328 3032 143.

203 3067 375 3142 πρωτονές
397 3086 433 3127 τε
456 3061 558 3128 codex
580 3061 711 3128 exhibet
732 3060 770 3125 fr.
786 3065 837 3125 60.
861 3055 900 3142 2,
914 3060 1053 3128 editores
1073 3060 1210 3145 primum
1231 3086 1251 3126 τ
1273 3063 1327 3130 dc·

203 3159 318 3241 lerunt,
341 3158 428 3242 quod
450 3159 584 3226 fortasse
606 3160 640 3224 in
655 3183 676 3224 r
691 3158 880 3244 mutandum
896 3166 944 3226 est
965 3157 1140 3244 rrpcdrorsg
1163 3160 1213 3235 (oi.
1230 3161 1329 3244 Brug-

204 3275 278 3320 man
294 3256 384 3322 Stud.
399 3256 444 3320 IV
463 3261 544 3331 155).
575 3254 721 3322 Ceterum
738 3256 788 3321 cui
811 3256 872 3322 hoc
886 3257 991 3322 minus
1010 3257 1176 3340 placuerit,
1198 3259 1226 3324 is
1241 3258 1327 3324 haud

202 3353 297 3418 facile
318 3353 509 3437 explicabit,
532 3353 691 3436 quomodo
713 3353 832 3421 iactum
854 3355 904 3438 sit,
928 3361 961 3420 ut
982 3361 1151 3437 utrumque
1165 3377 1185 3417 τ
1198 3355 1232 3419 in
1255 3374 1328 3420 con-

110 3499 116 3508 .
202 3459 324 3516 textum
347 3450 516 3516 verborum
538 3451 701 3534 irreperet.

239 3624 241 3628 ¹
288 3550 339 3613 Ex
359 3548 414 3632 iis,
438 3568 521 3631 quae
543 3569 640 3634 supra
662 3548 851 3632 monuimus,
874 3548 1025 3631 sequitur,
1056 3569 1121 3614 non
1144 3548 1252 3615 omnia
1272 3531 1352 3617 ne·''

202 3647 300 3728 glecti
330 3644 481 3729 digammi
511 3647 676 3731 exempla,
707 3666 788 3730 quae
817 3645 905 3731 apud
924 3646 1120 3720 ,Alemonam
1149 3651 1276 3729 extant,
1306 3668 1327 3714 a

203 3744 364 3810 Laconica
385 3743 481 3827 hujus
503 3744 619 3810 aetatis
640 3744 779 3811 dialecto
794 3745 903 3810 aliena
917 3763 1004 3825 esse3
1026 3742 1083 3810 sed
1107 3763 1187 3825 quas
1208 3743 1326 3813 formas

202 3841 294 3924 inde,
318 3861 398 3926 quas
420 3841 550 3908 aliunde
572 3848 669 3925 poeta
690 3841 854 3924 asciverit,
878 3860 961 3924 quae
983 3841 1025 3907 ab
1048 3860 1086 3907 eo
1109 3841 1239 3907 omnino
1261 3863 1326 3909 non

203 3940 366 4021 proiectae
387 3939 460 4016 sint,
486 3939 551 4005 alio
573 3940 644 4005 loco
666 3939 884 4024 quaerendum
907 3939 975 4006 erit.
