3226 4948
301 467 365 532 378
790 441 792 445 Ι
816 466 908 536 Spiess

301 645 480 729 ἔδμεναι
507 645 544 710 lr.
572 649 641 710 too.
687 645 736 708 De
762 641 904 727 χρύσεον
927 641 964 708 lr.
989 647 1047 727 343
1079 643 1177 729 δουρὶ
1199 646 1236 713 fr.
1261 652 1318 732 683
1348 647 1433 733 γού·

294 767 385 824 Ινατα
407 743 444 808 fr.
467 747 508 809 30
530 751 643 827 postea
666 740 837 808 dicendum
860 748 923 822 est,
953 735 1114 825 quianon
1137 743 1242 813 miuus
1265 766 1361 830 quam
1385 748 1432 816 de

300 843 487 925 vulgaribus
515 840 625 908 formis
654 839 791 924 suspicio
820 839 928 921 oritur,
959 841 1019 906 bas
1041 859 1059 906 e
1080 842 1247 910 Laconicis
1275 845 1384 912 lormis
1407 867 1431 912 a

301 940 442 1006 librariis
463 945 629 1021 corruptas
652 958 732 1005 esse.
1230 995 1241 1006 a

224 1040 228 1048 '
384 1038 488 1121 Epicu
511 1034 666 1102 dialectus
690 1034 813 1102 duabus
831 1034 927 1101 rebus
947 1035 1084 1118 insignis
1106 1043 1169 1120 est;
1193 1059 1268 1104 nam
1291 1059 1361 1105 cum
1384 1043 1430 1108 ab

300 1136 433 1202 Ionibus
455 1133 583 1201 exculta
604 1133 654 1215 sit,
678 1133 711 1198 in
734 1134 895 1220 plerisque
913 1132 1041 1215 quidem
1061 1153 1132 1200 cum
1155 1137 1331 1218 posteriore
1346 1138 1429 1206 Iade

301 1233 455 1315 congruit,
479 1231 537 1298 sed
551 1230 631 1298 fines
647 1231 742 1314 hujus
758 1230 886 1296 dialecti
902 1229 1072 1314 egreditur,
1094 1231 1169 1314 quia
1183 1232 1429 1318 antiquissimae

301 1338 334 1398 et
370 1330 534 1396 obsoletae
564 1329 685 1395 formae
713 1329 942 1395 recentioribus
971 1329 1135 1394 admixtae
1168 1338 1273 1412 eraut,
1311 1335 1428 1416 quibus

301 1429 495 1496 Graecorum
524 1426 663 1511 cujusvis
690 1425 796 1509 gentis
824 1425 923 1491 animi
953 1424 1065 1492 eodem
1095 1427 1161 1494 lere
1191 1429 1286 1495 modo
1319 1431 1428 1498 affecti

300 1533 384 1593 sunt.
429 1527 541 1608 Longe
573 1545 661 1591 vero.
681 1525 773 1592 abest
801 1525 1058 1590 Alcmauicorum
1092 1527 1267 1592 carminum
1299 1528 1427 1596 indoles

301 1625 343 1691 ab
367 1623 459 1707 epica
480 1623 648 1706 gravitate,
671 1624 779 1706 itaque
795 1643 867 1689 raro
882 1622 947 1688 illis
963 1622 1072 1688 lormis
1087 1625 1140 1689 vel
1156 1625 1238 1690 serio
1259 1617 1426 1709 (ἔδμεναι)

300 1724 352 1789 vel
382 1741 441 1806 per
469 1720 578 1804 josum
608 1717 804 1804 (Ἀλκμάων)
834 1721 1071 1786 sollemniorem
1104 1720 1211 1787 reddit
1239 1724 1425 1792 orationem.

301 1822 457 1904 Ignorant
488 1824 596 1886 autem
626 1826 737 1886 nostra
765 1818 944 1901 fragmenta
971 1817 1149 1900 genitivum
1179 1819 1259 1902 sing.
1282 1822 1316 1888 in
1342 1845 1424 1904 -οιο,

175 1943 176 1946 ’
300 1920 383 2003 plur.
405 1919 439 1984 iu
462 1941 558 1997 -αων,
581 1917 755 1984 infinitivus
770 1917 803 1981 in
821 1921 927 1998 -έμεν,
950 1913 1099 2001 -ήμεναι,
1122 1917 1292 1983 verborum
1307 1922 1425 1988 lormas

301 2017 424 2083 solutas
454 2035 536 2099 quae
565 2009 712 2081 dicuntur
741 2021 772 2081 et
800 2012 968 2078 distractas
998 2013 1161 2096 multaque
1194 2015 1269 2081 alla.
1319 2020 1425 2102 Atque

301 2135 414 2197 parum
443 2113 608 2196 perspexit
636 2113 771 2178 Alcman
799 2111 975 2193 priscarum
1005 2109 1176 2176 formarum
1207 2120 1367 2200 naturam,
1397 2118 1424 2182 si

186 2215 189 2218 ’
301 2210 430 2294 quidem
455 2228 622 2293 perperam
645 2208 688 2275 ad
710 2209 837 2273 illarum
861 2208 1043 2300 exemplum
1066 2204 1239 2296 ὥρανίαφι
1259 2210 1341 2277 illud
1362 2213 1423 2280 sibi

302 2308 408 2389 finxit,
432 2307 473 2374 de
495 2326 557 2390 quo
579 2326 676 2390 supra
697 2306 816 2372 dictum
839 2312 896 2372 cst.
940 2305 1101 2390 Imprimis
1128 2315 1235 2374 autem
1258 2329 1299 2376 ex
1321 2311 1424 2395 epico·
1497 2303 1530 2338 ”

302 2426 371 2472 rum
393 2405 501 2472 studio
521 2406 555 2470 in
578 2425 668 2470 usum
692 2425 783 2471 suum
802 2405 936 2470 contulit
957 2404 1119 2471 licentiam
1142 2406 1303 2489 quandam
1326 2410 1425 2493 poeti·

301 2525 381 2588 cam,
398 2525 461 2588 qua
472 2502 617 2589 syllabas
633 2503 746 2569 breves
758 2503 879 2569 vocalis
894 2502 1103 2586 productione
1117 2500 1180 2589 (ἠΰ,
1196 2505 1332 2572 lortasse
1343 2509 1424 2570 Πω-

299 2601 473 2690 λυόεύκης)
503 2603 556 2668 vel
578 2602 783 2668 consonantis
806 2600 1024 2684 duplicatione
1045 2601 1283 2685 (πολυμμελὲς)
1308 2605 1423 2688 longas

300 2703 383 2768 lecit.
427 2699 555 2766 Deinde
587 2700 750 2783 augmenti
784 2698 951 2787 omittendi
984 2699 1185 2782 facultatem,
1219 2720 1282 2783 qua
1313 2721 1423 2768 omnes

300 2805 417 2884 poetae
439 2819 459 2864 a
480 2817 576 2883 prosa
598 2798 742 2864 oratione
764 2796 926 2878 recedunt,
951 2815 990 2862 ex
1007 2796 1098 2879 epica
1117 2795 1254 2863 dialecto
1276 2799 1423 2865 hausisse

236 2944 238 2948 -
300 2897 436 2964 videtur.
477 2896 589 2978 Neque
611 2895 815 2977 neglegenda
837 2901 886 2960 est
907 2894 1133 2959 vocabulorum
1155 2895 1247 2977 copia
1270 2914 1310 2959 ex
1333 2898 1424 2980 opica

300 2996 411 3075 lingua
438 2992 549 3075 petita.
594 2991 684 3069 Quae
706 2993 894 3073 plerumque
916 2989 1078 3053 Laconum
1100 2990 1230 3070 linguae
1253 2992 1351 3072 plane
1373 3013 1425 3058 ac·

300 3088 516 3154 commodavit
536 3084 757 3168 (μελιγάρυες)
780 3085 832 3148 vel
849 3091 933 3149 certe
949 3085 1108 3150 Laconica
1129 3085 1354 3152 terminatione
1376 3090 1423 3153 in-

301 3185 415 3251 struxit
437 3181 582 3261 (εἱμένα,
611 3177 828 3264 ἀμβροσίαν),
857 3201 928 3247 cum
950 3181 984 3247 in
1013 3182 1111 3266 stirpe
1134 3183 1261 3250 Ionicus
1282 3185 1424 3269 proprie·

300 3288 382 3348 tates
411 3278 609 3358 admitteret,
643 3298 713 3344 raro
747 3300 874 3364 prorsus
907 3279 1075 3347 immutata
1103 3281 1269 3365 reliquisse
1296 3281 1424 3349 videtur

301 3375 568 3462 quemadmodum
591 3378 625 3443 iu
641 3378 740 3461 epicis
755 3373 948 3446 carminibus
970 3380 1160 3463 legebantur
1183 3382 1422 3466 (βωτιανείρῃ).

300 3602 393 3688 §21.
438 3599 493 3663 De
523 3597 758 3706 vulgaribus
788 3599 926 3665 formis
955 3600 993 3664 in
1020 3599 1140 3664 libris
1174 3600 1420 3666 extantibus.

387 3752 522 3834 Magnus
544 3757 593 3817 est
615 3771 722 3818 eorum
744 3753 971 3818 vocabulorum
994 3771 1153 3832 numerus,
1176 3771 1260 3834 quae
1280 3752 1423 3817 librario·

302 3869 371 3914 rum
393 3849 515 3912 incuria
537 3858 684 3932 corrupta
706 3869 776 3917 esse
798 3850 893 3916 facile
907 3849 1023 3932 aliquis
1039 3849 1192 3933 suspicari
1214 3855 1327 3933 potest,
1350 3869 1422 3914 cum

302 3963 406 4028 paene
427 3944 582 4010 absonum
605 3945 646 4012 sit
676 3967 715 4013 ea
744 3953 861 4030 poetae
890 3948 996 4012 varias
1018 3947 1173 4013 dialectos
1201 3946 1346 4012 miscenti
1370 3948 1423 4011 tri·

302 4041 410 4108 buere.
453 4043 585 4126 Legitur
607 4068 622 4109 ε
646 4064 703 4128 pro
725 4045 883 4112 Laconico
898 4068 935 4110 a:
963 4037 1159 4130 Ἀρτέμιτος
1181 4045 1218 4108 lr.
1238 4046 1306 4126 101,
1331 4041 1422 4127 ἱερὸν
