3226 4948
526 478 569 533 De
586 478 723 534 Alcmanis
741 481 839 546 poetae
857 477 980 534 dialecto.
1253 472 1314 536 363

74 727 78 734 ,
190 659 323 723 θένων
346 654 384 719 ir.
398 656 436 718 37
461 653 582 736 (Bergk
597 653 732 719 fortasse
747 648 947 736 παρσένων).
981 654 1199 734 παρσένας
1222 651 1316 717 Blass

189 755 269 836 legit
289 773 363 835 pap.
382 757 411 816 3.
431 754 466 814 17
485 745 624 830 (Ahrens
638 773 709 834 παρ
726 799 734 816 .
751 755 849 826 υνυς).
864 784 906 795 -
922 750 1093 830 Praeterea
1107 751 1136 811 0
1149 749 1315 832 reperitur,

191 849 276 935 quod
299 869 339 916 ex
354 873 373 912 υ
393 868 463 914 cum
486 848 598 932 spiritu
620 867 735 932 aspero
757 849 920 932 sequentis
943 849 1030 914 vocis
1052 847 1190 914 conflato
1213 853 1317 914 ortum

191 955 256 1016 est:
280 942 387 1012 ὥσθ’
412 947 448 1015 ir.
472 951 524 1028 41,
547 942 589 1010 θ’
615 941 701 1010 όσσα
724 946 761 1010 ir.
785 951 835 1012 60.
860 949 889 1011 3.

278 1067 298 1110 σ
320 1045 354 1109 in
376 1044 441 1111 fine
462 1045 689 1110 vocabulorum
711 1045 745 1108 in
768 1069 787 1127 ρ
810 1042 939 1124 mutati,
970 1042 1055 1124 quod
1077 1041 1316 1109 recentissimae

184 1144 354 1210 ‘Laconum
378 1141 506 1208 dialecti
528 1142 690 1226 peculiare
713 1145 770 1222 est,
794 1141 918 1205 nullum
942 1140 1112 1223 vestigium
1135 1140 1222 1225 apud
1245 1141 1317 1207 Alc·

189 1260 318 1307 manem
341 1245 439 1305 extat.
1051 1241 1054 1246 “

276 1338 480 1404 Geminatum
496 1359 526 1414 o,
550 1337 636 1419 quod
657 1337 691 1401 iu
712 1334 872 1401 communi
893 1334 1005 1417 lingua
1026 1341 1230 1402 attenuatum*
1248 1345 1317 1404 erat
1433 1339 1436 1359 ¹

190 1437 224 1501 in
246 1435 384 1518 simplex
407 1456 442 1510 σ,
474 1453 516 1500 ex
537 1434 716 1516 antiquiore
743 1439 888 1515 tempore
909 1433 1056 1498 Lacones
1078 1443 1259 1516 servarunt,
1290 1437 1318 1504 si

190 1553 232 1600 ex
254 1532 517 1599 Heracleensium
545 1531 683 1598 dialecto
712 1529 754 1595 de
783 1531 833 1597 his
861 1531 1077 1614 conjecturam
1090 1531 1210 1599 *facere
1232 1535 1317 1608 licet.

191 1630 287 1715 Apud
310 1632 497 1695 Alcmancm
527 1649 571 1695 σσ
599 1629 759 1712 praebent
786 1628 820 1693 hi
850 1626 950 1695 dativi
980 1629 1062 1711 plu-r.
1088 1635 1159 1695 tert.
1183 1631 1316 1697 declin:

192 1717 501 1809 δαιτυμόνεσσι
535 1725 658 1809 tr..24;
692 1719 952 1791 ἀλκυόνεσσι
979 1726 1016 1790 ir.
1040 1729 1097 1809 263
1133 1725 1317 1812 φόκεσσι

190 1825 263 1890 rue
287 1832 388 1892 metro
410 1825 590 1907 postulatur
612 1814 717 1902 (codd.
740 1844 813 1888 -sot
832 1830 1001 1906 01-εσσι);
1026 1821 1200 1890 σόλεσσι
1222 1828 1260 1893 ir.
1278 1833 1316 1894 13

191 1920 414 2004 corrigendum
444 1927 492 1987 est
519 1920 623 1992 (codd.
648 1921 753 2004 Heph.
783 1926 814 1987 et
835 1921 987 2003 Apollon.
1018 1942 1090 1986 -εσι
1115 1929 1226 1990 contra
1253 1913 1318 1992 m'e-

190 2026 296 2094 trum).
346 2023 526 2103 βένθεσι
548 2021 585 2084 ir.
609 2022 660 2084 60.
685 2025 703 2083 5
731 2024 781 2084 est
802 2018 921 2084 codicis
943 2018 1116 2103 scriptura,
1143 2041 1183 2086 ex
1205 2029 1321 2104 metro,
1413 2059 1416 2069 ‹

121 2181 125 2186 ,
190 2115 276 2199 quod
308 2117 414 2200 ipsum
446 2117 604 2182 incertum
638 2123 702 2198 est,
736 2115 818 2181 nihil
850 2115 931 2182 ellici
964 2122 1079 2200 potest.
1111 2155 1154 2166 -
1190 2121 1317 2188 Deinde

191 2213 345 2289 τόσσας
368 2220 488 2279 certum
511 2215 628 2296 legitur
650 2215 685 2279 in
713 2217 890 2298 papyro-2.
913 2218 964 2295 31,
996 2234 1036 2280 ex
1059 2235 1120 2298 quo
1144 2219 1318 2286 emendan-

191 2309 267 2374 dum
290 2317 339 2374 est
365 2311 399 2375 in
421 2309 543 2375 scholio
564 2310 608 2374 ari
630 2310 723 2374 Hom.
746 2311 783 2375 Il.
808 2335 823 2375 s
848 2315 926 2390 266,
946 2310 1012 2376 'ubi
1040 2312 1208 2378 frustulum
1235 2316 1319 2398 frag-

191 2406 292 2472 menti
314 2407 348 2471 in
370 2407 483 2472 charta
497 2407 637 2472 extantia
659 2406 801 2486 affertur,
824 2405 935 2482 τόσος.
967 2403 1075 2471 όσσα
1092 2411 1192 2491 exigit
1204 2432 1318 2478 versus

192 2505 273 2570 ratio
295 2504 332 2569 ir.
357 2509 406 2570 60.
432 2507 460 2586 3,
490 2523 561 2569 oum
584 2499 774 2569 senextus
804 2504 932 2569 habeat.
978 2505 1044 2571 Sed
1066 2503 1189 2570 τόσαι
1215 2508 1251 2572 ir.
1277 2513 1317 2573 74

192 2602 310 2668 codicis
332 2602 489 2686 scriptura
510 2607 611 2666 metro
640 2601 803 2683 probatur,
833 2620 916 2682 quae
946 2621 1009 2666 vox
1037 2610 1182 2684 quartum
1212 2604 1318 2671 locum

192 2699 369 2768 catalectici
401 2698 536 2765 trimetri
570 2697 709 2780 obtinet3
743 2719 819 2763 nam
851 2699 936 2780 quod
965 2698 1147 2766 Priscianus
1179 2703 1318 2779 (11428

192 2796 391 2873 Hertz-Keil)
408 2796 469 2861 ait:
492 2797 651 2874 „Alcman
666 2802 772 2860 autern
795 2795 828 2859 in
851 2795 953 2879 primo
969 2796 1189 2863 catalecticum
1212 2800 1318 2868 trime·
1384 2798 1387 2805 “

192 2900 275 2958 trum
291 2894 366 2959 lecit
387 2893 559 2959 habentem
574 2893 608 2956 in
624 2898 737 2975 quarto
760 2893 830 2957 loco
845 2893 940 2957 modo
956 2892 1097 2959 iambum
1112 2897 1207 2961 modo
1223 2919 1318 2980 spon·

193 2990 288 3057 deum
297 2995 320 3074 ⁴¹,
337 3011 378 3056 ex
393 3011 431 3058 eo
448 2992 512 3057 noli
529 2992 691 3073 colligere,
705 2991 893 3055 Alcmanem
908 3011 1019 3056 ausum
1036 3011 1107 3059 esse
1121 2995 1155 3058 in
1171 2997 1318 3064 omnibus
1346 2981 1357 3069 ᾗ

193 3090 387 3155 catalecticis
408 3089 558 3156 trimetris
581 3090 641 3154 hac
664 3087 794 3154 licentia
809 3087 865 3168 uti,
889 3107 960 3153 cum
981 3090 1088 3172 potius
1106 3093 1318 3175 judicandum

194 3186 245 3266 sit,
269 3205 324 3252 cos
339 3207 459 3266 versus,
479 3207 561 3269 quos
576 3187 758 3252 Priscianus
772 3184 875 3265 affert,
899 3187 1000 3252 oculis
1015 3194 1138 3254 tantum
1154 3210 1188 3256 se
1204 3192 1319 3259 offerre

188 3281 363 3362 trimetros,
386 3301 456 3347 cnm
479 3303 513 3348 re
535 3303 614 3348 vera
628 3303 736 3349 eorum
751 3283 833 3346 ratio
846 3283 888 3347 ab
912 3283 972 3348 hac
987 3285 1094 3350 aliena
1108 3287 1159 3352 sit.
1183 3287 1317 3356 'Deinde

195 3373 293 3443 όσαι
323 3386 412 3444 extat
432 3381 469 3444 fr.
493 3385 534 3444 66
560 3386 661 3446 metro
684 3388 851 3462 utramque
873 3379 1008 3446 formam
1030 3384 1243 3466 permittente.
1275 3422 1317 3432 —

106 3519 111 3530 ·
191 3467 421 3560 Ὀδυσσῆος
436 3477 472 3542 fr.
489 3481 540 3540 41.
563 3513 606 3524 -
628 3474 841 3542 ἐδάσσατο
858 3476 895 3543 fr.
912 3480 952 3542 60
975 3479 1013 3544 01.
1030 3479 1318 3562 κατεδασσάμεθα

194 3573 261 3637 tab.
284 3573 410 3639 Heracl.
436 3574 591 3652 (Leskien
614 3573 704 3640 Stud.
727 3574 759 3637 ΙΙ
784 3577 866 3652 122).

213 3685 217 3694 “
280 3669 299 3750 ζ
319 3671 353 3736 in
374 3671 466 3738 initio
494 3672 724 3736 vocabulorum
743 3672 889 3738 Lacones
910 3673 944 3737 in
967 3672 997 3754 δ,
1026 3675 1110 3742 inter
1133 3678 1263 3744 vocales
1284 3681 1319 3744 in

196 3765 238 3831 δδ
266 3775 407 3834 mutasse
436 3769 622 3849 referuntur,
652 3775 684 3835 et
711 3767 861 3850 leguntur
890 3769 985 3852 hujus
1007 3773 1189 3840 Laconismi
1218 3777 1320 3842 multa

195 3866 345 3949 exempla
366 3866 399 3930 in
422 3865 615 3950 Lysistrcta‚
646 3865 680 3930 in
702 3865 803 3950 titulis
825 3867 964 3951 nullum,
995 3869 1053 3935 sed
1082 3869 1263 3954 Τρυζυὶνισι
1284 3875 1318 3941 in

194 3960 403 4046 inscriptione
430 3963 614 4030 Plataeensi
648 3970 680 4030 et
713 3960 779 4049 ζώη
812 3964 847 4028 in
879 3965 972 4032 titulo
1005 3987 1025 4031 a
1055 3967 1250 4037 Kirohhoifio
1284 3974 1318 4038 in

194 4059 376 4133 ᾖΜσυυ1υ1.
402 4060 432 4127 d.
455 4061 492 4126 B.
514 4059 613 4126 Acad.
638 4064 741 4127 1870“
763 4083 795 4145 p.
812 4067 852 4133 60
875 4063 971 4131 edito.
1017 4064 1211 4151 Perantiqua
1233 4077 1319 4137 esset
