3208 4928
474 476 652 542 quaestiones
670 475 889 544 dialectclcgicae
906 491 1027 546 graecae.
1252 476 1314 537 299

164 635 292 730 ⁴ware,
326 646 448 730 spricht
479 649 564 715 nach
591 648 714 716 meiner
740 649 894 733 Meinung
927 650 984 717 der
1013 650 1238 718 Thatbestand
1270 652 1314 717 im

190 744 386 811 Deutsobon.
425 746 520 811 Denn
542 746 617 811 abd.
642 755 735 818 tuom,
758 767 805 813 as.
824 747 896 809 dom
917 748 1050 814 kbnnen
1073 747 1156 814 doch
1178 749 1315 816 schwer-

190 843 255 910 lich
277 843 333 911 aui
353 843 426 909 eine
447 843 642 909 Grundform
665 844 704 907 de
724 844 972 928 znrdclrgeidhrt
993 845 1158 913 werden.“

274 940 368 1021 Quod
390 940 604 1023 domitabit,
626 941 723 1008 facile
744 940 812 1008 lieri
834 942 946 1025 potuit,¹
968 949 1004 1008 ut
1024 944 1058 1010 in
1081 944 1153 1010 elea
1175 942 1314 1012 dialecto

87 1113 90 1120 Ι
188 1039 308 1106 veteris
323 1041 342 1101 ᾶ
357 1038 514 1121 reliquiae
529 1047 742 1106 remanerent.
768 1040 918 1106 Fortasse
929 1041 992 1106 buc
1007 1041 1170 1124 pertinent
1182 1041 1254 1107 miri
1265 1042 1315 1108 illi

189 1137 363 1220 olympiaci
384 1135 432 1201 tit.
455 1156 529 1202 nov.
552 1137 745 1202 coniunctivi
765 1156 833 1202 aor.
867 1136 961 1223 δοθᾷ
986 1144 1018 1204 et
1039 1134 1193 1224 ἆνατεθᾷ
1218 1160 1250 1205 v.
1272 1143 1311 1205 37

189 1239 222 1300 et
245 1237 295 1298 32.
339 1234 501 1300 doristum
529 1233 615 1299 enim
643 1234 807 1318 passivum
829 1234 862 1298 in
884 1239 971 1320 -θην
994 1255 1065 1300 cum
1088 1233 1176 1315 Υθε
1204 1237 1315 1304 formis

153 1400 161 1406 ,
189 1350 260 1399 esse
287 1332 497 1416 compositum
524 1331 580 1396 vix
606 1331 774 1414 quisquam
801 1332 943 1414 negabit.
987 1331 1189 1416 Quamquam
1211 1333 1252 1400 de
1275 1355 1315 1402 ea

188 1448 224 1495 re
246 1429 388 1502 dubitari
409 1433 528 1512 potest,
552 1429 746 1495 coniunctivi
767 1429 816 1493 illi
837 1436 942 1494 utrum
964 1429 1079 1497 eodem
1100 1430 1195 1496 modc
1217 1437 1315 1514 atque

188 1523 336 1605 ἵστᾶται,
365 1523 605 1612 προγράφηντι
627 1533 686 1592 ete.
714 1525 765 1601 (ci.
788 1528 808 1606 ὅ
830 1531 860 1590 5.
889 1529 928 1592 A.
958 1528 1028 1604 12)
1057 1529 1184 1595 formati
1205 1549 1248 1595 an
1270 1529 1314 1596 ad
1387 1558 1391 1574 ·
1439 1551 1450 1562 ‘

189 1621 326 1710 δοθὲ-ᾁ,
348 1621 474 1709 tede-qt
493 1623 544 1700 (cf.
568 1623 776 1708 mciv-deae)
798 1621 973 1690 reducendi
996 1625 1070 1692 sint.

272 1723 397 1803 Restat,
420 1727 455 1786 ut
476 1739 649 1788 memorem
671 1721 711 1788 G.
727 1718 870 1785 Curtium
892 1721 993 1801 (verb.
1015 1722 1050 1798 ΙΙ
1072 1725 1145 1802 348)
1168 1724 1314 1790 Schercri

188 1821 371 1904 exemplum
393 1825 536 1885 secutum
558 1819 664 1885 eleam
692 1817 743 1882 his
764 1818 799 1883 in
819 1818 929 1884 formis
951 1820 1097 1886 vocalem
1121 1821 1142 1884 ᾶ
1162 1841 1235 1887 cum
1255 1822 1312 1888 lat.

188 1917 263 1982 ain
285 1915 440 1980 nmo-bom
463 1922 522 1984 etc.
551 1915 731 2000 comparari
758 1935 854 1999 posse
875 1915 955 1982 satis
977 1916 1106 1998 quidem
1130 1918 1314 1987 dubitanter

186 2015 374 2098 coniecisse;
397 2013 483 2097 quod
506 2020 614 2080 tamen
636 2013 689 2079 hic
710 2013 746 2078 in
767 2012 874 2079 medio
896 2013 1116 2098 relinquimus.

702 2193 722 2271 a
747 2194 797 2257 12.

149 2315 151 2318 ’
242 2310 243 2318 ’
272 2308 342 2374 Hoc
369 2307 466 2390 igitur
493 2307 535 2374 de
564 2309 725 2392 origine
756 2309 928 2374 formarum
957 2329 978 2374 a
1005 2312 1113 2378 verbis
1141 2315 1312 2381 contractis

187 2404 404 2470 derivatorum
427 2405 640 2488 exposuimus.
671 2402 766 2470 Certe
788 2404 904 2470 Graeci
925 2405 988 2488 ipsi
1008 2408 1043 2471 in
1064 2409 1177 2474 talium
1200 2412 1313 2477 verbo-

186 2521 257 2566 rum
278 2502 469 2568 formatione
490 2501 525 2566 in
546 2501 730 2590 universum
751 2501 835 2566 hanc
856 2501 963 2584 legem
978 2505 1078 2569 secuti
1096 2513 1179 2588 sunt,
1203 2513 1239 2572 ut
1261 2525 1313 2574 ea·

187 2597 261 2664 dem
283 2598 477 2680 reliquorum
499 2605 678 2682 temporum
699 2597 821 2664 vocalis
838 2598 976 2681 qualitas
999 2606 1093 2684 esset,
1116 2621 1200 2684 quae
1220 2623 1313 2687 prae·

186 2694 287 2762 sentis
306 2695 470 2779 temporis.

271 2792 473 2876 Quamquam
495 2793 589 2860 buius
611 2811 737 2876 quoque
758 2792 804 2859 rei
830 2793 951 2859 multae
979 2799 1011 2859 et
1031 2795 1175 2879 insignes
1189 2797 1313 2884 *excep-

185 2890 290 2957 tiones
317 2888 539 2974 respiciendae
566 2897 659 2974 sunt;
692 2909 797 2972 nequa
826 2890 912 2957 enirn
940 2911 968 2958 e.
989 2911 1021 2974 g.
1049 2892 1188 2980 φώνασε
1217 2896 1311 2968 Pind.

60 3011 68 3024 ·
184 2987 229 3054 ad
257 2985 397 3074 φωνέω,
427 2983 535 3074 ὁρέων
561 2989 663 3054 Alam.
686 2991 727 3054 68
756 2987 800 3054 ad
828 2985 921 3074 ὃράω
948 2989 1104 3075 quadrat,
1133 3013 1253 3077 noque,
1284 2995 1312 3063 si

186 3084 314 3168 quidem
336 3086 449 3152 solitas
477 3104 614 3169 graecae
635 3084 846 3152 derivationis
868 3105 998 3154 normas
1026 3096 1168 3173 spectas,
1198 3089 1313 3157 κοινά-

187 3203 307 3259 σαντες
335 3182 429 3248 Pind.
458 3182 503 3248 ad
537 3181 652 3260 κοινός
687 3181 826 3262 nocato,
864 3179 998 3264 ἄξιάσει
1027 3187 1109 3254 aeol.
1140 3188 1194 3280 ad}
1216 3185 1311 3270 ἄξιος

186 3274 292 3358 ἄξιόω
313 3280 471 3362 applicari
492 3287 636 3363 possunt.
665 3280 769 3363 Atque
791 3281 844 3346 hic
865 3281 930 3346 iam
944 3282 1120 3352 Abrensius
1134 3286 1313 3354 rectissime

186 3375 335 3458 cognovit
360 3375 394 3441 II
418 3379 494 3440 147:
527 3378 576 3454 „si
598 3397 663 3461 qua
683 3378 784 3444 verba
804 3379 839 3443 in
861 3377 924 3444 -ἑω
948 3383 1102 3446 exeuntia
1124 3383 1265 3448 demeum
1288 3389 1311 3448 ἆ

186 3493 244 3557 pro
259 3497 278 3558 q
295 3473 330 3537 in
350 3472 430 3556 ipsis
444 3472 628 3542 melioribus
646 3475 787 3542 fontibus
802 3484 978 3559 assumunt,
1001 3477 1189 3564 plerumque
1210 3482 1312 3566 suspi-

186 3571 253 3636 cari
279 3569 356 3636 licet
378 3570 532 3637 Doridem
554 3573 683 3638 omnino
707 3593 746 3640 ea
773 3593 832 3658 per
852 3572 920 3638 -άω
943 3594 1008 3640 non
1031 3574 1095 3640 -έω
1124 3577 1311 3645 formasse.“

185 3668 225 3734 cf.
254 3667 296 3734 de
317 3674 385 3733 tcta
412 3687 447 3733 re
476 3669 515 3734 G.
538 3667 665 3736 (lortius
691 3671 791 3750 „tiber
814 3670 876 3738 den
899 3671 1050 3739 Wechsel
1079 3673 1147 3740 und
1175 3674 1228 3742 die
1251 3677 1310 3744 Be·

186 3765 329 3848 deutung
352 3766 410 3831 der
431 3765 540 3833 Verba
561 3767 618 3833 auf
638 3790 698 3846 αω,
722 3792 778 3848 εω,
803 3773 872 3833 cest
894 3770 982 3836 verb.
1006 3772 1021 3836 l
1045 3777 1116 3838 318.

270 3863 400 3929 Scilicet
427 3863 497 3947 ipse
524 3863 602 3932 satis
628 3885 778 3949 magnam
801 3867 895 3933 huius
917 3869 1044 3950 generis
1066 3869 1238 3937 formarum
1260 3892 1310 3938 co-

186 3961 273 4042 piam
294 3959 530 4045 hyperdorismi
551 3970 694 4046 accusat;
726 3964 831 4048 pergit
854 3965 939 4031 enim
962 3985 993 4048 p.
1020 3969 1095 4033 148:
1129 3969 1218 4046 „alia
1241 3971 1309 4037 eius

185 4058 312 4138 generis
333 4078 354 4124 a
375 4059 515 4126 librariis
537 4067 685 4144 corrupta
699 4061 881 4140 videntur.“
911 4065 1035 4130 Tamen
1050 4066 1099 4130 vir
1114 4067 1309 4135 clarissimus
