3208 4928
285 465 348 527 308
398 489 403 497 “
781 463 915 520 Schrader

298 700 300 704 ,
370 638 518 705 Ceterum
548 642 583 701 ut
609 634 729 720 ubique
756 637 823 703 iere
851 635 1017 702 voealisd
1047 634 1080 699 in
1104 657 1130 697 ω
1153 633 1287 698 mutatio
1315 633 1415 717 longe

177 783 180 793 «
285 736 439 804 vetustior
462 740 510 802 est
532 753 627 816 quam
642 733 712 821 ino
736 769 778 780 -—
801 734 911 816 paneis
934 733 1019 799 enim
1041 731 1076 797 in
1092 729 1260 797 rooabnlis
1283 729 1414 798 dialecti

284 836 369 902 inter
398 853 434 899 se
463 831 649 916 disorepant
680 866 732 912 -,
766 831 813 896 ita
841 830 893 896 bio
921 849 1046 913 quoque
1075 828 1248 896 verisimile
1276 828 1414 910 videtur,

285 932 407 1017 primas
430 935 462 996 et
483 928 564 1012 sing.
578 934 620 1001 ‚et
640 928 722 1012 plur.
745 947 900 1011 personas
922 933 1080 1014 φέρωμες
1096 948 1104 991 :
1117 925 1276 1010 suemus,
1300 925 1416 990 blare·

285 1030 369 1093 mosi
391 1026 518 1092 initium
546 1024 730 1092 mutationis
758 1025 881 1092 lenisse.
926 1023 1109 1092 Dolendum
1132 1030 1181 1091 est
1205 1023 1240 1088 in
1263 1023 1415 1090 Eleorum

286 1127 426 1193 dieleoto
448 1122 555 1190 adhue
576 1123 671 1190 huius
692 1123 820 1207 generis
841 1123 963 1189 formas
982 1143 1047 1188 non
1069 1141 1140 1189 esse
1161 1127 1316 1205 repertus.

802 1380 823 1459 s
848 1381 896 1443 16.

371 1514 482 1579 Altero
503 1513 574 1579 looo
597 1512 639 1579 de
660 1513 767 1580 rosuli
790 1537 809 1601 η
833 1510 981 1598 syllabae
1002 1515 1074 1590 -ιᾶ,
1102 1534 1156 1596 -ιη
1186 1509 1414 1593 optativum

286 1613 445 1678 formante
472 1610 572 1675 verba
601 1609 750 1676 iacienda
779 1617 870 1691 sunt,
907 1606 1011 1692 qualis
1040 1609 1074 1674 in
1105 1607 1213 1674 verbis
1241 1608 1415 1674 thematioa

285 1708 399 1775 vooali·
426 1707 607 1774 carentibus
639 1707 866 1792 oonspioiturz.
892 1705 976 1792 ε’ίην,
1011 1704 1154 1791 διδοίην,
1194 1709 1331 1791 τιθείην
1353 1712 1414 1770 eto.
1515 1749 1519 1754 ·

286 1807 429 1872 Primum
450 1811 558 1875 autem
580 1804 724 1889 quaestio
749 1805 856 1886 oritur,
886 1803 1007 1869 vooalis
1030 1827 1061 1889 η,
1090 1822 1186 1886 quam
1201 1802 1343 1886 optativi
1365 1802 1414 1867 illi

287 1905 322 1970 in
344 1902 570 1970 aeolo-doriois
598 1921 723 1986 quoque
748 1901 894 1968 dialectis
922 1899 1093 1966 exhibent:
1123 1897 1205 1985 εἴην,
1236 1897 1319 1985 εἴης,
1348 1898 1412 1986 εἴη,

287 1995 390 2082 εἶμεν,
425 1993 504 2079 εἶτε,
539 1993 615 2077 εἶεν,
649 2006 754 2065 utrum
786 1998 829 2064 ab
860 1997 984 2063 initio
1015 1997 1056 2063 in
1088 2017 1237 2080 graeoa
1270 1997 1415 2080 lingua

285 2096 485 2178 valuerit,
509 2115 646 2162 neone.

372 2193 478 2275 Atque
507 2192 534 2258 si
563 2193 633 2276 quis
659 2193 895 2258 Latinorum
924 2192 1047 2274 prisoas
1075 2191 1193 2265 formas
1219 2192 1313 2264 mom,
1341 2191 1412 2262 sies,

286 2291 354 2362 siet,
377 2291 472 2362 sient,
497 2309 561 2356 ose.
582 2290 645 2363 sid,
676 2290 778 2355 umbr.
800 2290 857 2362 sir,
887 2289 930 2361 si,
953 2291 1014 2363 roi,
1044 2290 1182 2356 seleseia.
1205 2308 1276 2354 oum
1298 2308 1414 2372 graeco

288 2385 361 2474 εἴην
377 2393 436 2454 ete.
459 2386 708 2471 eomparavorit‚
739 2386 833 2452 laoile
863 2407 926 2452 uno
948 2395 1045 2469 atque
1073 2385 1187 2453 eodem
1215 2393 1359 2469 tompore
1379 2384 1414 2450 in

286 2485 451 2568 utriusque
478 2485 610 2568 linguae
638 2483 748 2551 formis
774 2484 919 2551 vooalem
949 2482 967 2546 d
998 2488 1084 2560 (sort.
1105 2483 1201 2568 adm,
1230 2482 1312 2567 sjds,
1329 2481 1413 2566 fuist,

286 2583 355 2668 rjus
388 2602 430 2650 ex
463 2580 587 2666 *ojano
621 2581 655 2646 in
687 2607 706 2669 η
737 2587 893 2647 mutatam
927 2599 999 2648 esse
1031 2580 1211 2647 oonieoerit.
1262 2580 1414 2646 Attamen

279 2679 362 2746 bule
383 2680 564 2746 sententiae
585 2679 796 2762 gravissimae
824 2698 940 2745 oausae
969 2677 1134 2758 adversari
1156 2679 1235 2742 mihi
1256 2678 1414 2745 videntur.

288 2777 372 2843 Nam
394 2777 532 2861 primum
553 2776 586 2842 in
609 2776 788 2842 umbrioa
810 2775 950 2842 dialeoto
971 2775 1246 2857 immoderatam,
1270 2775 1416 2859 quamvis

288 2892 429 2957 paneae,
459 2893 541 2956 quae
562 2873 724 2959 syllabam
745 2875 807 2936 -io-
829 2875 982 2938 intentam
1005 2878 1038 2939 et
1065 2874 1179 2956 puram
1201 2873 1354 2939 exhibent
1376 2871 1416 2938 ei.

289 2970 488 3032 aemio-iam
503 2969 681 3051 observem,
701 2971 877 3051 porto-iot
894 2974 1009 3052 portet,
1029 2971 1168 3032 eto-iaus
1182 2970 1264 3037 itent
1279 2969 1417 3037 Corssen

288 3085 358 3132 voe.
374 3065 407 3130 II
423 3068 496 3147 351,
515 3083 620 3147 neque
635 3065 783 3149 estquod
799 3064 923 3131 dieatur
938 3065 1177 3133 Sehleioberum
1193 3071 1326 3151 (temp.3
1341 3069 1415 3144 705)

289 3162 406 3228 falsum
430 3179 502 3228 esse
510 3160 697 3229 dicentem:
727 3163 847 3242 „Diese
868 3165 1006 3230 Formen
1028 3163 1102 3230 sind
1125 3163 1178 3232 die
1199 3165 1336 3233 tltesten
1359 3164 1417 3230 der

290 3258 359 3326 drei
380 3258 551 3326 italisehon
574 3259 771 3344 Spraohen.“

374 3356 481 3436 Quare
495 3355 617 3422 latinae
632 3349 762 3441 linguae
777 3358 1025 3442 temperatione,
1049 3357 1168 3442 siquid
1185 3359 1290 3442 video,
1310 3358 1416 3425 erinoi
1538 3423 1541 3430 .

290 3473 357 3520 non
384 3457 492 3537 potest
518 3453 621 3538 primo
643 3455 693 3521 illi
719 3475 837 3539 graeoo
859 3455 1003 3538 optativo
1025 3455 1067 3521 ab
1089 3455 1181 3522 initio
1203 3482 1222 3544 η
1246 3477 1304 3540 pro
1327 3459 1349 3520 ἃ
1369 3456 1417 3520 in-

289 3550 445 3618 haesisse.
473 3550 608 3618 Aeoedit
630 3571 706 3618 vero
727 3552 772 3635 id,
795 3552 880 3636 quod
902 3551 1076 3618 maximum
1099 3557 1158 3619 est.
1186 3555 1308 3619 Rursus
1331 3552 1416 3619 enim
1526 3599 1530 3606 .

289 3648 325 3714 in
347 3648 420 3715 elea
441 3645 580 3712 dialecto
603 3652 624 3710 ᾱ
645 3668 702 3732 pro
725 3673 745 3736 η
768 3641 937 3735 reperitur.¹
973 3649 1013 3714 of.
1036 3647 1074 3735 0,
1095 3649 1120 3713 Ι.
1146 3670 1193 3733 gr.
1219 3654 1253 3714 11
1280 3647 1334 3715 ε’ίᾶ
1358 3669 1416 3733 pro

292 3743 344 3831 εἴη
374 3748 553 3827 (συνμαχία
575 3740 613 3840 κ’,
639 3743 693 3832 s's'or
716 3743 836 3812 ἑκατὸν
858 3751 982 3824 sessor).
1025 3744 1116 3812 Idem
1144 3746 1256 3813 titulus
1284 3747 1416 3814 brevem

290 3841 438 3907 vooalem
466 3837 488 3904 ἆ
516 3840 648 3908 exbibet
674 3841 708 3908 in
739 3854 873 3910 συνεῖαν
902 3839 937 3908 κ’
961 3838 1119 3920 ἀλλάλοις
1144 3850 1177 3910 et
1205 3838 1416 3910 ἄποτίνοιαν.

291 3937 331 4099 (ἦ.
349 3937 459 4098 5iggeol.
487 3949 633 4024 παρεῖαν
662 3939 739 4007 Keil
766 3933 840 4026 syll.
868 3961 900 4024 p.
926 3945 975 4006 14.
997 3944 1028 4022 3,
1050 3945 1081 4006 4.
1117 3940 1156 4007 oi.
1180 3939 1306 4007 Curtius
1328 3941 1416 4008 verb.
