3218 4934
269 451 331 512 116
768 457 901 512 Bsunack

353 629 408 705 42)
445 625 692 714 Κα-φάτιος
714 634 747 694 ct
768 626 921 715 Κα-φώ
942 649 1014 694 eum
1038 625 1266 714 Περι-φήτης,
1286 623 1410 690 Ἀντι-

267 722 380 810 poree
412 744 579 809 comparo,
616 744 657 790 ex
685 745 748 808 quo
776 727 1046 810 praepositionem
1075 725 1119 791 κά
1146 728 1180 790 ἱιι
1211 726 1259 792 eia
1293 725 1410 788 inesse

266 821 482 904 colligendum
505 841 577 888 esse
591 821 727 888 videtur.
763 824 814 888 De
827 823 1018 890 formatione
1032 824 1087 889 cfr.
1104 821 1231 909 Κα-φώ
1250 848 1258 887 :
1277 818 1410 906 Καφά-

265 943 338 996 τιος
352 949 396 971 =
407 915 591 996 Ἀντί-ηας
606 913 870 1002 εἈντίπατρος
886 953 925 972 --
937 913 1097 1008 Ἐπαφρώ
1113 944 1121 985 :
1133 917 1407 1005 Ἐπαφρόδιτος.

351 1017 512 1096 Quoniam
533 1017 685 1101 exempla
705 1039 771 1082 non
794 1017 894 1082 dubia
914 1019 1138 1100 brevissimae,
1161 1035 1249 1100 quac
1274 1015 1412 1097 excogi-

265 1113 328 1178 tari
355 1118 478 1197 potest,
507 1114 757 1198 praepositionis
785 1115 907 1181 formae
936 1115 978 1180 κά
1006 1116 1282 1196 enumeravimus,
1314 1131 1410 1177 nunc

266 1210 600 1292 quemadmodum
623 1212 729 1277 illud
752 1210 800 1276 κά
822 1218 950 1278 ortum
972 1215 1040 1295 sit,
1063 1213 1157 1278 uobis
1176 1217 1410 1293 estquaereu·

266 1307 353 1372 dum.
397 1307 492 1388 Quod
519 1307 651 1392 quideui
677 1309 951 1395 dupliccm‘in
978 1310 1132 1377 modum
1161 1313 1303 1393 potest
1335 1326 1410 1372 ex-

265 1405 432 1488 plicari:
1518 1399 1525 1410 “

350 1507 382 1579 a)
418 1503 538 1568 Forma
564 1503 703 1587 plenior,
735 1523 833 1586 quam
859 1522 1017 1586 persaepe
1043 1522 1187 1586 apocope
1216 1503 1306 1567 lacta
1339 1498 1410 1564 κάτ

263 1620 399 1668 sonasse
428 1607 570 1684 constat,
599 1621 642 1667 ex
658 1601 796 1682 legibus
824 1601 971 1684 linguae,
1000 1601 1206 1665 consonantis
1227 1604 1342 1664 mutae
1368 1598 1409 1662 iu

267 1697 332 1764 fine
352 1699 583 1765 vocabulorum
604 1698 814 1781 impatientis,
838 1696 881 1762 κά
903 1697 971 1763 lieri
993 1697 1112 1762 debuit.
1150 1696 1289 1780 Saepius
1304 1695 1413 1759 etiam

266 1795 353 1861 aliae
374 1797 634 1879 praepositiones
656 1794 777 1860 similes
799 1795 1063 1859 commutationes
1084 1813 1201 1877 passae
1223 1799 1310 1857 sunt.
1355 1793 1414 1865 lta

265 1893 403 1959 occurrit
424 1889 446 1956 ἀ
468 1912 528 1976 pro
551 1889 630 1956 ἀνά
652 1891 687 1955 in
709 1891 820 1972 glossa
844 1891 990 1955 laconica
1015 1887 1170 1956 d-rraor·
1199 1886 1411 1974 ἆνά-στηθι,

264 1989 299 2055 in
331 1989 464 2056 aeolicis
498 1985 681 2052 ὄ-στασαν·
716 1983 917 2073 ἀνέστησαν,
952 1982 1147 2051 ὅ·σκάπτω·
1183 1980 1412 2064 ἇνασκάπτω,

265 2084 467 2161 ὀ-σταθείς·
491 2082 767 2167 ἒξαγκωνισθείς,
791 2085 825 2149 in
847 2084 959 2149 latinis
973 2084 1104 2149 vocibus
1120 2085 1276 2154 catusio,
1301 2093 1413 2145 c-sta·

265 2183 365 2244 tardes
387 2181 487 2261 (Curt.
510 2183 635 2264 Etym.⁴
657 2202 688 2264 p.
712 2183 798 2258 307).
841 2179 1006 2246 Interdum
1029 2179 1044 2245 ἐ
1069 2201 1127 2265 pro
1149 2179 1187 2246 ἐκ
1209 2180 1347 2262 legitur:
1373 2181 1413 2244 iu

264 2279 361 2345 inser.
382 2279 521 2344 locricae
543 2298 591 2342 vs.
615 2283 634 2339 4
658 2273 699 2362 κη’
726 2275 822 2358 δάμω
846 2274 885 2361 κη’
911 2273 1075 2340 κοινάνων
1098 2298 1156 2361 pro
1180 2278 1236 2340 καὶ
1261 2274 1277 2342 ἐ
1303 2275 1411 2358 δάμω

265 2377 322 2441 καὶ
346 2373 361 2442 ἒ
385 2374 561 2453 notariatus,
584 2395 631 2441 vs.
655 2377 674 2438 8
697 2379 730 2440 et
753 2377 794 2438 20
817 2373 832 2440 ἒ
857 2370 1063 2452 Ναυπάκτω,
1090 2374 1165 2438 aliis
1186 2373 1267 2438 locis
1291 2373 1412 2450 (Allan

263 2472 356 2539 stud.
379 2472 445 2552 III,
469 2475 544 2548 259)
574 2479 670 2555 atque
697 2472 732 2535 iu
754 2470 924 2552 Phigaliae
945 2467 1040 2534 inser.
1063 2467 1078 2534 ἒ
1105 2471 1269 2546 &calciae
1299 2473 1412 2547 (ausa

261 2592 316 2656 ap.
333 2569 454 2651 Fene),
478 2569 519 2636 de
534 2590 598 2652 qua
613 2567 864 2652 praepositionis
881 2566 985 2630 forma
999 2565 1188 2632 Foucartius
1202 2567 1285 2631 miro
1304 2567 1410 2632 modo

262 2669 325 2735 boe
346 2667 498 2734 adnotat:
526 2667 572 2744 ,il
594 2667 663 2733 faut
686 2666 774 2730 aussi
797 2670 891 2728 noter
912 2662 947 2725 la
969 2681 1060 2726 crase
1083 2661 1179 2728 dela
1200 2664 1411 2746 proposition

262 2765 300 2834 ἐκ
325 2766 409 2831 dans
429 2762 648 2839 dotatrice!
685 2763 771 2828 Dein
790 2759 939 2824 conteras
960 2757 1058 2822 velim
1081 2754 1133 2838 ἅμ
1156 2780 1214 2842 pro
1236 2757 1349 2846 ἀμφί
1374 2763 1411 2827 in

262 2860 437 2945 ὄμπαιδες
459 2860 551 2937 (Ahr.
567 2861 609 2937 ΙΙ,
626 2862 712 2935 357),
736 2849 836 2938 cipro
860 2851 970 2936 ἀμφὶ
990 2853 1024 2916 in
1046 2851 1230 2937 ἆ-τρακτος
1254 2863 1287 2921 et
1303 2853 1412 2940 δι’-βο·

261 2962 321 3036 λος
344 2958 443 3035 (Gurt.
467 2957 592 3038 Etym.⁴
613 2975 645 3036 p.
663 2956 757 3032 461),
778 2948 833 3014 πό
857 2969 916 3031 pro
937 2954 1037 3013 ποτέ
1058 2953 1092 3014 in
1115 2952 1284 3018 vocabulis
1306 2975 1414 3036 supra

261 3055 390 3134 allatis,
420 3051 477 3115 πά
498 3069 557 3135 pro
580 3045 694 3132 παρά
716 3048 751 3110 in
773 3044 1036 3126 inscriptionibus
1059 3047 1412 3117 Halicarnassensibus

262 3149 497 3234 (Wacbsmuth,
521 3147 602 3212 Mus.
618 3145 724 3210 Rhen.
739 3141 864 3220 XVIII,
886 3143 972 3219 570),
996 3137 1085 3222 ipro
1108 3141 1151 3208 ἓν
1172 3145 1208 3208 iu
1230 3145 1430 3231 Olympiae.

260 3244 482 3329 inscriptione,
507 3242 520 3308 ἰ
540 3262 600 3327 pro
621 3237 702 3306 ὑπό
718 3240 753 3303 in
769 3236 962 3320 Cypriorum
984 3232 1133 3319 dialecto,
1156 3243 1209 3304 cui
1230 3246 1414 3311 mutationi

260 3346 372 3429 glossa
396 3335 586 3424 i-plcpadv·
609 3333 791 3414 ὑπόζωσον
813 3329 952 3417 Πάφιοι
974 3333 1123 3414 exemplo
1139 3344 1199 3400 est.
1238 3341 1351 3405 Etiam
1374 3343 1414 3408 in

261 3441 404 3527 prrica
414 3437 564 3502 illavoce
576 3433 797 3516 ἰκμαμμένος,
820 3447 918 3510 quam
929 3425 1173 3507 Siegismundus
1189 3441 1223 3497 et
1238 3437 1414 3505 Deeckius

262 3536 357 3606 Stud.
370 3535 443 3614 VII,
456 3536 518 3596 247
531 3533 573 3598 ab
587 3529 733 3611 ἰκμαίνω
746 3522 961 3591 derivandam
973 3539 1045 3586 esse
1054 3531 1264 3615 putaverunt,
1276 3534 1316 3598 G.
1331 3535 1416 3601 Gur-

259 3636 324 3700 tius
351 3638 459 3696 autem
480 3630 514 3693 in
535 3625 749 3692 adnotatione
773 3619 960 3685 dubitanter
982 3635 1023 3680 cx
1051 3616 1274 3704 ἰ-κμα-μένος
1304 3640 1416 3698 ortam

261 3749 335 3796 esse
350 3725 495 3804 coniecit,
518 3723 600 3788 illud
617 3719 802 3785 tricorium
822 3711 1071 3804 praepositionis
1085 3708 1154 3778 ὑπό
1168 3738 1223 3785 me
1237 3723 1417 3796 iuvenisse

258 3831 348 3907 puto.
377 3821 495 3884 Forma
508 3819 649 3902 pertinet
663 3814 707 3881 ad
721 3809 922 3891 ὖποκάμνω,
944 3825 1088 3888 quacum
1104 3810 1236 3882 Curtius
1250 3819 1419 3908 Hesychii

211 3933 215 3940 '
260 3921 404 4001 glossam
438 3919 617 3997 κέκμαται·
652 3915 863 3977 neronianae
892 3910 1066 3984 comparat.
1119 3906 1265 3978 Verbum
1298 3929 1418 3989 autem

260 4009 445 4092 ὑποκᾶμνω
468 4012 511 4076 ad
533 4009 693 4081 enuntiati
712 4011 899 4074 contextum
915 3997 1081 4083 aptissime
1096 4009 1268 4075 convenit:
1294 4013 1417 4090 „²an-
