3218 4934
279 468 319 536 82
776 462 918 522 Baunuclr·

281 640 367 725 quod
388 636 524 717 Λύττας
546 657 605 722 pro
627 631 782 712 Λύκιος,
806 629 967 720 inaraba·
991 627 1206 718 ὖνῖομονητόν
1229 636 1293 715 (ap.
1316 631 1407 711 Her.)

281 759 338 824 pro
353 733 545 825 ὖφ-εκ-νόν,
568 732 670 802 ἐντῶν
693 751 752 814 pro
767 729 804 797 ἐκ
819 737 884 795 τοῖν
901 730 1132 798 demonstrant.
1164 729 1292 796 Deinde
1308 726 1410 794 διώσ-

281 853 357 914 νας·
380 827 718 920 ἑργσόιώκοαςκριιᾱ
741 827 953 912 Hesychium,
983 847 1045 909 quo
1069 828 1166 894 etiam
1187 828 1299 910 glossa
1319 823 1410 892 Ἐπι-

283 931 409 1010 ὁώτας·
432 928 520 1008 Ζεύς
541 947 599 1013 pro
619 923 839 1001 Ἐννιδιώττας
860 924 929 1002 (οἶν.
946 922 1097 990 δάπεδον
1122 944 1179 1008 pro
1202 921 1411 1002 *dadaedovl

283 1033 418 1099 [orasse
447 1024 619 1096 referenda
646 1029 710 1104 est,
743 1028 810 1088 tum
838 1026 1005 1108 βακτηρία
1028 1029 1061 1088 et
1088 1026 1235 1108 βασηρῖα
1265 1021 1411 1088 eiusdem

284 1123 526 1213 permutationis
547 1121 674 1205 generis
697 1119 852 1203 praebent
867 1120 1025 1202 exempla.
1064 1118 1217 1186 Oon'leras
1233 1118 1330 1186 etiam
1350 1119 1411 1186 ita-

285 1225 381 1294 lieum
404 1231 471 1287 otto
494 1239 551 1304 pro
576 1227 645 1282 acto
668 1216 796 1299 aliaque
818 1216 851 1282 id
873 1235 975 1302 genus
998 1218 1166 1300 permulta.

371 1319 524 1388 Radiaem
541 1314 596 1382 ὀνο
609 1335 667 1384 seu
682 1305 727 1378 ὂκ
744 1313 812 1392 (eir.
824 1333 944 1382 musar.
957 1313 1099 1388 ahslon,
1113 1312 1264 1386 αΙεσΙῖσ-να,
1283 1312 1411 1392 odedi),

287 1438 415 1501 exque
443 1412 534 1493 ὅστις
562 1413 717 1498 originem
740 1412 843 1494 dudit,
872 1411 1001 1496 saepius
1023 1410 1066 1477 ad
1088 1411 1299 1494 substantiva,
1329 1431 1414 1493 quae

287 1516 397 1584 oeulos
424 1510 620 1596 signidoant,
650 1509 819 1578 formanda
846 1515 1031 1592 usurpatam
1054 1527 1126 1576 esse
1148 1508 1264 1575 docent
1286 1514 1414 1594 praeter

287 1613 369 1683 alias
391 1617 484 1678 notas
506 1609 624 1676 formas
645 1607 774 1691 glossae
795 1606 1038 1691 Hesychianae:
1077 1601 1180 1682 ὄντας·
1209 1601 1414 1693 ὀφθαλμούς

288 1711 354 1789 (afr.
364 1697 471 1785 ὦπας*
484 1703 662 1793 ὀφθαλμοί
673 1710 705 1772 et
716 1699 804 1787 ἅοψ·
818 1697 1057 1792 Ιἀνόφθαλμσς)
1069 1709 1101 1769 et
1111 1695 1261 1768 ὀσνίλοι·
1278 1699 1415 1790 ὀφθαλ-

288 1811 348 1891 μοί
363 1807 429 1886 [efr.
444 1805 643 1880 vav-vitae,
660 1801 887 1880 καθα-τέλος,
904 1794 1063 1878 ὀνο-τίλας
1072 1805 1137 1884 (ap.
1148 1800 1247 1883 Hes),
1264 1797 1416 1867 ὀπισθο-

289 1904 364 1972 νίλα
379 1908 443 1987 (ap.
459 1901 558 1980 Hasd]
575 1906 608 1968 et
628 1892 804 1974 ὂσωσαῖς·
828 1894 952 1981 ὄψεσιν
968 1898 1036 1976 (afr.
1051 1903 1257 1966 πεσοιθίαν·
1282 1897 1415 1976 ἐλπίδα,

290 1999 524 2084 προσδοκίαν).
575 1997 764 2080 synonyma
785 2000 915 2063 auotore
934 1995 1094 2081 Hesychio
1116 2000 1191 2062 sunt
1212 1995 1309 2074 tet-ot,
1332 1995 1417 2076 λαμ-

292 2093 411 2173 πάδες,
436 2089 567 2181 φάηκες
589 2099 711 2176 (aperte
735 2110 775 2157 ex
796 2089 992 2178 *φάν-ηκες
1007 2095 1052 2159 uti
1077 2092 1238 2172 δαύ-ακες
1260 2115 1291 2178 p.
1309 2096 1371 2170 80).

378 2193 415 2258 L.
465 2187 953 2258 Glossasxoteiv·ildsiv

627 2282 892 2352 κόλσασθαι·
924 2285 1144 2354 ἱκετεῦσαι

294 2408 315 2456 a
343 2384 450 2457 radiae
480 2383 595 2456 eadem
624 2382 818 2452 derivandos
851 2390 943 2468 puto,
979 2405 1091 2467 aqua
1119 2386 1221 2452 verba
1249 2385 1418 2451 κέλ-ευ-

295 2489 374 2561 don
396 2489 429 2555 et
451 2474 740 2559 ἀκόλουθος
764 2481 974 2548 descendunt.
1006 2482 1128 2550 Eodem
1151 2483 1288 2550 fortasse
1309 2482 1419 2565 glossa
1514 2533 1516 2537 .

296 2581 461 2648 κολ-έα·
485 2576 570 2646 ποιά
591 2602 643 2656 νας
666 2575 804 2667 ὄρχησις
826 2579 986 2646 trahenda
1001 2585 1059 2646 est.
1092 2579 1199 2646 Radix
1220 2599 1337 2664 graeea
1358 2579 1418 2644 καλ

294 2680 365 2747 sive
386 2679 452 2756 nel,
483 2696 567 2762 quae
587 2696 628 2744 ex
650 2677 782 2744 vooibus
803 2678 869 2743 illis
891 2677 1039 2743 oonoludi
1060 2684 1181 2761 potest,
1204 2698 1275 2744 oum
1298 2696 1417 2744 sansor.

295 2774 367 2850 Ιέον,
383 2777 432 2842 oui
449 2774 546 2842 eundi
562 2781 611 2840 est
625 2773 825 2857 significatio,
848 2772 1014 2857 aptissime
1030 2780 1137 2858 potest
1151 2775 1297 2842 eonterri.
1326 2775 1420 2840 Hune

295 2876 331 2942 in
345 2873 475 2940 modum
490 2874 517 2938 si
532 2873 659 2952 formas,
682 2890 762 2952 quas
776 2871 879 2950 attuli,
895 2871 1118 2954 explicaveris,
1140 2874 1310 2958 intelleges
1325 2873 1419 2938 inter·

298 2977 420 3056 pretes,
448 2969 562 3052 quibus
584 2967 689 3034 adhue
711 2987 751 3036 ea
774 2967 873 3034 verba
895 2969 1053 3034 maximas
1074 2979 1268 3052 paraverunt
1290 2968 1420 3036 ditfioul·

299 3073 391 3145 lates,
414 3070 567 3147 tanquam
582 3063 702 3130 nodum
716 3063 749 3128 in
765 3063 869 3147 seirpo
884 3066 1091 3148 quaesivisse.
1126 3068 1221 3135 Velut
1235 3088 1293 3153 pro
1309 3067 1419 3132 καλεῖν

300 3161 445 3246 Guyetus
466 3160 583 3243 μολεῖν
612 3161 788 3228 litterarum
810 3161 894 3228 serie
921 3163 1020 3246 plane
1048 3165 1196 3247 neglecta
1217 3163 1421 3232 seribendum

299 3257 474 3344 proposuit,
497 3255 692 3327 Sohmidtius
713 3265 820 3328 autem
842 3259 1044 3342 „uoniiaiat“‚
1070 3261 1181 3345 inquit,
1205 3263 1343 3346 „aliquis
1364 3266 1440 3326 aas

300 3367 371 3425 νεῖν
394 3355 424 3422 h.
448 3374 476 3421 e.
500 3372 641 3439 canere,
669 3361 874 3440 properare.“
919 3357 1001 3423 Dein
1024 3377 1082 3440 pro
1105 3357 1308 3439 κόλσαοθαι,
1337 3356 1422 3441 quod

299 3453 343 3526 ad
365 3453 554 3522 aoristorum
577 3450 743 3532 anetae,
766 3451 935 3538 α’·κυρ-σα,
958 3455 1043 3519 hom.
1062 3454 1161 3522 ἐ’ῖ-σα
1182 3455 1423 3524 similitudinem

302 3558 352 3624 est
372 3551 559 3631 formatum,
588 3550 739 3620 Albertus
768 3547 1018 3619 κολπώσασθαι
1047 3553 1277 3619 restituendum
1304 3553 1422 3620 statuit.

387 3647 553 3716 Voealium
575 3647 634 3713 illa
662 3646 861 3729 vicissitudo,
891 3667 986 3729 quam
1008 3647 1042 3712 in
1065 3650 1246 3727 κέλ-εαθος
1269 3657 1301 3716 et
1322 3646 1424 3714 ἀκόλ-

303 3751 412 3822 ουθος
440 3743 663 3828 observamus,
692 3745 726 3811 in
747 3743 1055 3812 assimilatione
1082 3747 1192 3812 nititur
1220 3767 1324 3830 neque
1352 3766 1424 3814 raro

302 3841 435 3926 liquidis
455 3841 543 3909 sonis
564 3841 839 3910 intereedentibus
859 3842 1003 3908 oeourrit.
1047 3842 1201 3911 Oonieras
1223 3845 1319 3910 velim
1342 3844 1426 3926 glos·

304 3959 375 4008 saun
395 3937 625 4023 hesyohianam
642 3936 826 4023 doponatur
838 3935 928 4022 γυνή,
951 3938 1006 4004 ubi
1021 3964 1040 4024 ρ
1055 3941 1241 4006 mantionis
1256 3941 1315 4006 fuit
1329 3961 1427 4006 musa

306 4033 543 4120 (*δαμαρ-νις,
574 4033 780 4122 *δαμορνις,
811 4033 997 4120 ὀόμορνις),
1028 4037 1163 4104 formam
1187 4039 1426 4106 heracleensem
