3208 4928
303 411 366 474 334
577 429 583 433 ’
814 410 914 482 Spiess'
1020 413 1021 418 ’

303 588 456 671 temporis
479 588 651 670 conspicua
672 586 746 652 sint.
790 586 879 652 Haec
901 585 1114 652 Alexandrini
1141 585 1175 648 in
1199 593 1308 651 mente
1329 587 1444 654 babe-

303 687 390 767 bant,
414 705 484 750 cum
507 685 815 767 transscriptoribus,
838 683 1441 768 (11105τούςμεταχαρακτηρίσαντας

301 783 463 862 dicebant,
487 801 610 847 errores
625 782 779 864 quosdam
795 783 956 871 scribendi
972 783 1164 848 tribuebant.
1199 781 1302 846 Nobis
1316 783 1438 864 magni

303 888 353 948 est
373 879 543 959 momenti,
570 880 656 961 quod
679 879 803 945 duabus
824 881 926 946 literis
952 881 980 945 0
1003 887 1036 945 et
1057 883 1086 944 E
1107 886 1139 944 ct
1161 880 1276 944 breves
1299 880 1438 945 vocales

305 1003 323 1042 o
346 985 379 1043 et
401 1001 427 1055 ε,
450 984 483 1042 et
503 977 625 1059 longas
641 1001 667 1040 ω
691 983 755 1062 etq
773 985 805 1042 et
826 977 1024 1044 adulterinas
1045 978 1264 1060 diphthongos
1286 999 1324 1039 ov
1347 983 1380 1041 et
1395 1000 1434 1040 ει

304 1075 485 1157 antiquiore
510 1082 652 1158 tempore
675 1095 828 1159 expressa
851 1094 922 1140 esse
943 1075 1069 1140 scimus.

390 1172 500 1237 Altera
523 1171 693 1237 difficultas
721 1178 808 1238 recte
830 1171 871 1238 de
893 1179 1058 1254 poetarum
1089 1171 1235 1237 dialectis
1259 1169 1435 1254 judicandi

305 1277 354 1337 est
376 1271 578 1354 popularium
603 1271 809 1336 dialectorum
833 1270 971 1352 cognitio
994 1291 1107 1354 parum
1122 1276 1219 1335 certa.
1250 1269 1332 1343 Nam
1355 1288 1432 1332 oum

304 1365 426 1453 primus
448 1369 575 1434 Ahrens
597 1375 696 1434 totam
719 1368 857 1436 sontium-
881 1368 1006 1451 copiam
1028 1370 1198 1452 amplexus
1221 1365 1372 1432 Doridem
1393 1372 1433 1432 et

234 1543 238 1550 g
304 1467 473 1532 Aeolidem
501 1465 742 1531 adumbraverit
768 1466 1037 1548 gravissimaeque
1065 1466 1171 1548 leges,
1209 1484 1288 1546 quas
1316 1464 1431 1547 uariae

305 1565 433 1629 illarum
463 1565 587 1646 species
609 1559 766 1644 secuntur,
799 1563 1072 1630 demonstraverit·
1086 1570 1118 1628 et
1146 1563 1238 1627 multi
1261 1569 1333 1645 post
1354 1579 1431 1625 eum

305 1661 574 1727 conformaverint
596 1667 628 1726 et
649 1661 797 1742 auxerint
811 1658 1196 1744 cognitionem'uostram
1219 1666 1325 1724 tamen
1349 1658 1432 1722 mul·

305 1766 372 1824 tum
397 1760 505 1838 abest,
536 1765 570 1822 ut
592 1759 699 1824 omnia
721 1759 847 1842 cognita
876 1760 1053 1824 habeamus
1076 1765 1109 1824 et
1135 1777 1194 1824 sua
1215 1759 1328 1839 cuique
1350 1762 1432 1821 tem·

305 1857 390 1941 pori,
422 1877 480 1922 sua
501 1857 615 1939 cuique
637 1857 707 1921 loco
729 1864 816 1922 certo
838 1857 1005 1939 assignare
1027 1856 1195 1938 possimus.
1240 1854 1432 1934 Ubicunque

305 1953 457 2035 analogia
478 1974 543 2018 nou
565 1954 662 2034 ualet,
685 1955 791 2019 tenuis
809 1960 858 2018 est
879 1963 912 2019 et
932 1955 1054 2018 incerta
1075 1960 1184 2018 nostra
1206 1951 1348 2031 scientia,
1372 1952 1431 2015 im·

305 2049 418 2134 primis
445 2050 671 2114 vocabulorum
706 2051 814 2134 eopia,
847 2070 931 2132 qnae
959 2051 1095 2133 singulis
1125 2050 1272 2116 dialectis
1300 2049 1432 2132 propria

307 2156 366 2230 ert,
388 2167 517 2231 prorsus
539 2153 588 2212 est
609 2147 782 2230 incognita.
1086 2207 1100 2221 ,

392 2245 482 2324 Quae
503 2263 575 2309 cum
601 2244 646 2309 ita
674 2245 753 2328 sint,
783 2245 862 2312 haec
890 2247 971 2312 ratio
993 2246 1026 2310 in
1048 2245 1289 2328 quaestionibus
1310 2242 1431 2310 uostris

305 2343 449 2410 ineunda
481 2349 538 2408 est.
583 2343 666 2408 Tota
698 2346 833 2410 materia
865 2343 1037 2427 diligenter
1068 2344 1262 2426 perlustrata
1293 2342 1429 2425 primum

307 2460 496 2507 enumerare
525 2439 679 2506 debemus
706 2460 790 2523 quae
813 2443 908 2507 certis
936 2441 1063 2506 iudiciis
1084 2441 1251 2520 Aeolicae,
1283 2438 1428 2521 Doricae,

304 2539 417 2626 opicae
447 2537 594 2603 dialectis
615 2539 788 2604 attribuere
815 2559 999 2622 possumus,
1030 2559 1070 2605 ex
1098 2537 1149 2603 bis
1177 2545 1280 2604 certas
1300 2524 1429 2618 regulas

306 2638 452 2703 invenire
481 2635 695 2718 studebimus,
724 2655 804 2718 quas
834 2642 951 2719 poetae
971 2637 1006 2700 in
1028 2635 1174 2701 dialectis
1199 2632 1429 2711 constituendis

307 2736 406 2802 secuti
437 2753 507 2800 osse
535 2734 701 2816 ridentur,
732 2734 781 2798 his
810 2734 982 2816 recognitis
1009 2733 1208 2798 librariorum
1237 2731 1356 2798 menda
1380 2749 1429 2796 aa·

306 2833 417 2898 nanda
439 2837 547 2912 erunt,
576 2833 645 2896 sive
673 2838 747 2914 post
767 2815 992 2913 grammatiodn
1013 2831 1047 2895 in
1071 2837 1191 2896 textum
1219 2835 1430 2914 penetrarunt

307 2931 378 2996 sive
409 2936 507 2994 antea
540 2947 581 2992 err
608 2929 810 3011 popularium
839 2928 1047 2994 dialectorum
1076 2929 1274 3011 cognitione;
1310 2924 1430 2992 deinde

307 3026 392 3090 banc
413 3025 515 3106 ipsam
538 3043 658 3106 augere
680 3025 773 3090 nobis
796 3021 931 3091 tortasse
952 3024 1076 3107 licebit,
1107 3045 1177 3090 cunr
1200 3024 1340 3090 inventis
1362 3024 1431 3105 qui·

308 3120 442 3186 busdam
459 3121 585 3203 legibus
599 3121 756 3187 miscendi
771 3127 966 3206 temperatas
984 3121 1058 3188 illas
1074 3123 1230 3189 dialectos
1244 3141 1309 3187 non
1324 3122 1429 3186 minus

307 3215 503 3284 confidenter
532 3215 687 3285 adhibere
700 3219 890 3313 possimus,
927 3239 1022 3302 quam
1051 3241 1147 3304 puros
1176 3239 1285 3285 earum
1314 3219 1429 3284 tontes.

307 3316 377 3396 Quo
400 3317 483 3382 lacto
505 3315 702 3398 videbimus,
726 3315 803 3399 quid
825 3337 844 3382 e
865 3315 1012 3382 dialectis
1034 3317 1204 3402 deposcis
1226 3318 1361 3383 melicae
1383 3312 1430 3381 hi·

307 3415 406 3480 storia
428 3412 508 3480 effici
532 3413 642 3497 possit,
667 3415 757 3498 cujus
772 3415 912 3499 origines
934 3433 1063 3497 prorsus
1077 3415 1111 3479 in
1133 3415 1274 3480 tenebris
1289 3420 1372 3479 sunt.
1388 3449 1430 3462 -
1455 3411 1459 3419 '

306 3511 435 3577 Initium
457 3519 563 3577 autem
586 3511 794 3596 capiendum,
817 3518 852 3576 ut
873 3532 932 3596 par
955 3517 1019 3594 est,
1043 3512 1084 3577 ab
1107 3511 1344 3596 antiquissimo,
1375 3511 1428 3593 qui

307 3629 393 3700 nunc
415 3609 551 3675 Alcman
574 3628 654 3674 esse
667 3609 803 3690 videtur,
830 3609 921 3692 cujus
943 3607 1037 3692 primi
1059 3609 1153 3692 plura
1175 3611 1355 3694 fragmenta
1376 3627 1428 3674 ex-

306 3714 387 3788 tant,
410 3726 503 3790 quem
525 3709 628 3791 primo
651 3709 721 3773 loco
743 3705 942 3790 grammatici
957 3706 1172 3772 Alexandrini
1186 3709 1224 3772 inv
1242 3707 1349 3772 indice
1365 3724 1429 3770 me·

307 3803 441 3868 licorum
468 3811 652 3887 posuerunt.
697 3806 747 3871 De
775 3802 871 3888 hujus
899 3810 1017 3888 poetae
1044 3805 1181 3872 dialecto
1209 3803 1428 3886 quaestionem

307 3899 445 3966 instituit
467 3901 659 3984 Benselerb,
682 3901 739 3967 sed
763 3921 830 3967 rem
851 3901 1035 3984 inchoatam
1057 3902 1195 3983 reliquit.

377 4034 398 4098 ⁴)
416 4011 591 4102 Quaestiones
607 4016 791 4089 Alcmanicae.
819 4009 926 4090 Isenaci
946 4026 1029 4108 1872,
1055 4025 1076 4028 ”
