3218 4934
273 471 313 535 78
769 477 902 532 Baunaolr

272 667 367 715 curae
387 647 463 730 fuit,
495 654 529 714 ut
552 647 804 715 demonstrarem
827 669 950 732 errare,
981 649 1034 732 qui
1064 650 1205 718 radicem
1227 673 1290 717 rec
1310 652 1398 736 apud

272 746 412 824 Graecos
434 745 551 813 radicis
574 746 830 828 determinative,
852 747 937 830 quod
953 746 1077 830 dicitur,
1106 748 1329 816 additamento
1351 750 1398 815 in-

271 850 424 911 structam
447 852 576 912 exstare
597 843 844 914 contenderunt.¹

251 1097 328 1164 lv.
366 1098 600 1165 Nonnullae
622 1100 787 1182 glossae
809 1099 1098 1185 Hesychianae
1121 1099 1399 1204 explicantur.

358 1236 396 1299 A.
441 1235 591 1301 Glossam
614 1238 836 1300 καταπίει·
860 1239 1088 1300 καταπίνει

356 1331 552 1398 Schmidtius
582 1331 616 1396 in
637 1331 792 1416 Hesycbii
821 1331 963 1399 editione
986 1333 1109 1398 minore
1137 1351 1230 1398 eruce
1259 1329 1397 1408 (ἀθετέ-

272 1451 359 1506 σεως
392 1431 496 1512 signo)
534 1429 663 1512 glossae
700 1431 883 1514 anteposita
921 1431 955 1495 in
988 1429 1220 1497 dubitationem
1259 1430 1397 1498 vocavit.

270 1528 361 1594 Idem
390 1527 424 1592 in
452 1526 595 1593 editione
623 1528 745 1594 maiore
771 1530 928 1611 glossam,
962 1547 1057 1610 quam
1085 1528 1251 1594 tractaturi
1279 1547 1398 1610 sumus,

270 1647 368 1693 unam
401 1624 601 1708 eandemque
634 1645 705 1692 esse
733 1647 771 1692 ao
804 1626 1053 1712 praecedentem
1085 1636 1260 1708 καταμιεῑ·
1296 1651 1399 1692 κατα-

269 1727 380 1802 πίνει,
405 1727 601 1788 κατεσθίει·
627 1724 718 1804 μιεῖν
740 1722 803 1809 γὰρ
826 1723 864 1788 τὸ
889 1721 1023 1790 ἐσθίειν
1046 1729 1142 1807 alque
1164 1744 1203 1791 eo
1225 1725 1312 1806 loce,
1337 1744 1399 1807 quc

269 1822 304 1888 in
327 1820 437 1888 codice
452 1820 623 1900 invenitur,
647 1821 729 1887 falso
745 1821 915 1904 repetitam
931 1840 1002 1887 esse
1017 1819 1162 1902 adnotat,
1187 1821 1273 1903 quod
1286 1841 1399 1889 vereor

270 1938 312 1986 ne
326 1940 392 1985 non
406 1924 492 1984 recte
514 1917 635 1997 lecerit,
658 1916 945 2001 addubitatamque
960 1919 1050 1984 uncis
1065 1918 1203 1984 inclusit.
1241 1918 1398 2001 Equidem

270 2016 408 2083 traditae
431 2014 606 2097 scripturae
636 2013 699 2080 fide
726 2015 825 2081 fretus
847 2017 899 2081 vel
922 2021 1057 2082 accentu
1079 2022 1271 2081 commutato
1293 2039 1396 2081 κατα-

270 2123 360 2180 πιεῖ·
395 2115 576 2177 καταπίνει
604 2113 657 2178 vel
686 2112 962 2198 interpretameuti
991 2115 1098 2180 littera
1130 2114 1243 2178 ultima
1272 2114 1399 2181 abscisa

271 2213 447 2276 καταπίει·
471 2207 672 2288 κατάπινείι]
695 2211 834 2277 seribere
855 2212 962 2294 velim,
985 2213 1088 2277 itaut
1110 2210 1213 2276 forma
1235 2221 1397 2287 καταπνεῖ

269 2309 364 2374 tertia
385 2327 525 2390 persona
546 2308 628 2391 sing.
650 2310 840 2390 praesentis,
863 2309 966 2374 forma
981 2313 1142 2374 aaronica
1164 2307 1306 2374 secunda
1327 2327 1399 2393 per·

270 2425 352 2472 sona
373 2403 454 2488 sing.
477 2405 659 2490 imperativi
681 2405 731 2471 sit.
777 2405 886 2474 Habes
914 2408 1010 2491 igitur
1037 2407 1155 2472 lormas
1177 2406 1267 2472 verbi
1297 2407 1398 2472 cuius-

146 2566 148 2570 .
270 2503 346 2570 dam
376 2507 482 2582 πιίω,
516 2502 601 2587 quod
636 2504 816 2570 Roseherus
848 2505 882 2569 in
911 2503 1008 2570 Curtii
1043 2503 1226 2570 Studiorum
1260 2505 1325 2569 vol.
1353 2503 1398 2569 IV

270 2624 301 2687 p.
327 2605 403 2677 194,
438 2602 497 2667 etsi
526 2621 567 2667 ex
595 2593 778 2684 imperativi
807 2601 910 2669 forma
937 2606 1027 2679 πίει,
1057 2620 1139 2684 quae
1167 2601 1201 2666 in
1230 2601 1397 2668 atticorum

268 2701 454 2785 poculorum
481 2698 744 2782 inscriptionibus
774 2707 880 2784 (χαῖρε
908 2703 964 2765 καὶ
987 2704 1062 2766 πίει
1091 2699 1241 2781 aliisque)
1268 2699 1396 2782 legitur,

269 2819 327 2866 sno
349 2799 418 2882 iure
440 2797 590 2878 coniecit,
620 2797 708 2861 nullo
737 2804 850 2878 tamen
874 2798 940 2862 alio
969 2799 1040 2862 loeo
1066 2816 1127 2862 nec
1154 2796 1397 2880 inscriptionum

269 2914 329 2963 neo
350 2896 505 2960 librorum
528 2894 836 2975 manuscriptorum
858 2893 1011 2958 traditum
1033 2894 1173 2978 reperire
1199 2894 1311 2976 potuit.

356 2992 392 3054 B.
429 2988 649 3069 substantiva,
673 3008 757 3071 quae
771 3008 790 3053 a
806 2990 915 3057 radice
936 3011 1053 3074 graeca
1075 2988 1141 3069 ἀκ,
1166 2991 1217 3057 cui
1233 2987 1395 3057 ‘sanserita

270 3108 308 3172 op
328 3085 449 3166 (edere)
469 3084 654 3169 respondet,
676 3087 813 3153 formata
828 3106 900 3154 esse
915 3089 1074 3171 videntur,
1096 3087 1184 3172 apud
1200 3087 1396 3174 Hesychium

269 3205 335 3250 non
357 3203 462 3268 pauca
483 3183 698 3249 inveniuntur.
743 3185 857 3268 Neque
878 3185 1023 3268 ignotum
1046 3190 1095 3251 est
1119 3183 1201 3249 illud
1231 3180 1396 3251 αῖκνον·

271 3283 291 3348 d
300 3294 461 3361 εῖπνον,
484 3301 542 3366 pro
565 3301 628 3364 quo
641 3282 779 3348 Alcman
801 3283 835 3347 in
860 3282 973 3366 fragm.
990 3286 1027 3346 71
1053 3282 1156 3348 torma
1178 3277 1325 3348 αἶκλον
1348 3288 1397 3349 est

270 3400 355 3447 usus.
399 3379 470 3444 Huc
498 3378 655 3446 accedunt
687 3379 829 3446 eiusdem
858 3381 995 3447 laconici
1023 3387 1139 3463 poetae
1169 3380 1396 3445 caracalla

269 3481 302 3544 iu
313 3479 426 3562 fragm.
436 3480 475 3543 70
487 3483 519 3544 et
530 3472 973 3562 Hesycbiio’ev-alx-leca
988 3474 1039 3541 db
1048 3500 1185 3543 ειπνα.
1208 3476 1395 3558 &Curtius

270 3578 323 3660 qui
341 3577 462 3662 primus
477 3574 647 3640 verborum
663 3569 813 3639 cla-too
829 3580 862 3640 et
877 3569 1026 3640 αίκ-ναν
1043 3575 1198 3658 originem
1221 3575 1395 3658 perspexit,

268 3683 356 3742 reete
378 3674 448 3740 sine
463 3670 560 3736 dubio
576 3665 691 3737 αἶκλον
714 3689 771 3756 pro
794 3668 979 3750 *ἆκ-ιλαν,
1003 3666 1119 3737 αίκνον
1141 3693 1199 3756 pro
1217 3666 1395 3737 *ἆκ-ινο-ν

270 3771 338 3850 (cfr.
361 3787 480 3836 sauscr.
504 3789 664 3853 opaco-m
682 3776 714 3836 et
737 3770 912 3848 αιί-ακα-κι)
934 3789 992 3853 per·
1014 3769 1204 3854 epenthesin
1226 3769 1395 3834 formatum

271 3888 342 3934 esse
357 3865 530 3933 contendit.
554 3864 631 3946 (cfr.
641 3865 799 3951 γυναικός
814 3887 872 3952 pre
884 3865 1111 3952 *νυνα-κι-ος,
1127 3868 1251 3952 Bryne
1265 3887 1297 3950 p.
1310 3869 1397 3943 668.)

270 3963 418 4032 Eandem
439 3964 639 4032 formationis
661 3965 818 4051 rationem
840 3965 994 4033 exhibent
1016 3964 1100 4030 duae
1122 3984 1227 4047 voces,
1250 3984 1334 4048 quae
1355 3963 1396 4030 si·

270 4063 337 4129 mili
360 4068 529 4146 praeterea
550 4070 625 4130 sunt
645 4053 888 4147 significatione.
924 4067 1073 4128 Δεῖπνον
1089 4062 1171 4144 dieo,
1194 4062 1280 4144 quod
1302 4081 1395 4128 voca
