3218 4934
582 481 705 536 Schedae
721 481 923 549 grammaticae.
1150 479 1153 489 ¹
1254 476 1315 540 129

274 657 304 732 c)
333 651 533 729 εικαόίω,
558 654 726 734 genetivus
742 652 880 720 nominis
896 646 1061 730 εικάόιος,
1085 651 1169 734 quod
1185 652 1317 718 nomine

188 749 351 828 Εἰκάόιος
374 748 421 826 (C.
445 750 471 817 I.
495 751 589 832 3089,
613 756 711 834 55743
736 749 855 816 Mionn.
879 748 980 816 deser.
998 748 1038 816 de
1053 749 1137 816 med.
1157 749 1217 829 ΙΙΙ,
1242 753 1314 832 212,

188 852 264 916 218)
294 849 412 920 collato
435 848 478 914 ad
502 845 596 925 εἰκάς
618 854 764 932 spectare
792 853 958 931 procerte
988 847 1101 912 habeo.
1147 846 1315 926 (Consimi-

188 945 263 1010 liter
285 967 345 1012 nos
368 945 502 1012 dicimus
532 945 785 1028 „Zwauniger·“.)

221 1095 228 1104 .
276 1043 308 1120 d)
339 1043 376 1108 In
397 1044 490 1110 inscr.
508 1047 607 1126 340a,
633 1047 673 1108 36
696 1048 801 1108 exstat
815 1061 933 1108 nomen
956 1047 1095 1122 rdxog.
1132 1041 1224 1120 Quod
1249 1042 1315 1124 qui-
1442 1098 1443 1104 ,

189 1139 263 1206 dem
285 1145 432 1206 autenm
454 1140 562 1206 radice
584 1141 644 1204 aad
673 1147 744 1217 (scr.
768 1139 906 1212 cadomi,
938 1140 993 1205 lat.
1013 1139 1105 1214 ‘cedet
1136 1175 1175 1185 -
1206 1142 1316 1206 confer

148 1289 151 1294 .
188 1237 294 1302 boeot.
317 1238 547 1318 saffiag'stud.
570 1238 618 1304 IX
640 1260 671 1321 p.
689 1241 728 1302 53
751 1273 794 1284 —
816 1237 1072 1320 coniungeudum
1095 1243 1144 1302 est
1166 1243 1221 1302 aut
1243 1257 1315 1303 cum

189 1353 238 1414 ea,
256 1334 381 1416 quaein
395 1326 486 1421 ἦχος,
502 1333 590 1423 ἦχέω
606 1337 686 1401 latet
702 1333 1175 1425 (cfr5Fiek,Wdrterb.³1204).
1198 1332 1315 1401 Confer

189 1426 381 1516 ἀμφιαχυῐα
411 1433 460 1511 (11.
491 1437 622 1515 Bere)
647 1453 705 1516 pro
735 1427 1014 1518 dprrp-c-fax-via,
1052 1430 1092 1496 de
1122 1450 1185 1512 qua
1214 1431 1316 1498 forma

174 1527 314 1602 ,Curtius
330 1529 432 1594 verb.
450 1529 488 1610 ,ΙΙ
517 1551 549 1614 p.
575 1532 634 1595 148
662 1528 820 1594 disseruit.
866 1528 954 1594 Haec
976 1529 1080 1594 altera
1100 1527 1239 1594 nominis
1262 1549 1316 1594 ex-

188 1625 331 1709 plicandi
353 1627 435 1691 ratio
458 1626 593 1692 fortasse
614 1625 717 1710 magis
739 1625 936 1711 probabitur,
965 1625 1131 1717 sinomen
1150 1613 1249 1705 Ἦχος
1272 1626 1315 1704 (iu

188 1722 361 1806 Cephisiae
381 1723 495 1807 inscr.;
525 1723 600 1790 vide
620 1724 714 1790 lexic.
739 1723 902 1788 nominum
926 1722 1102 1800 Benseleri)
1124 1722 1272 1788 attulero.

261 1815 305 1907 e)
340 1825 363 1903 β
392 1819 545 1903 digammi
567 1821 718 1887 vicarium
743 1820 936 1904 conspicitur
956 1819 989 1884 in
1020 1840 1105 1884 nom.
1130 1815 1316 1901 Κάβαισος,

188 1918 277 1982 cuius
298 1918 466 2002 genetivus
482 1923 515 1982 K
522 1923 686 2002 αβαισω
709 1919 742 1983 in
764 1917 860 1985 inscr.
885 1921 976 2001 352p
998 1917 1124 2000 legitur.
1160 1917 1234 1983 Mea
1248 1916 1318 2000 qui·

189 2014 261 2081 dem
291 2016 453 2082 sententia
474 2014 652 2100 Κάβαισος
681 2036 722 2081 ex
751 2013 950 2099 Κάβ-αιθος
980 2015 1067 2093 (vide
1089 2015 1172 2080 inira
1201 2015 1260 2080 sub
1284 2018 1315 2092 3)

188 2119 290 2178 ortum
307 2112 419 2180 eadem
435 2113 553 2195 radice,
574 2133 639 2196 qua
654 2133 771 2179 nomeu
786 2114 965 2180 laconicum
982 2110 1188 2196 Καβ-ιόνδας
1204 2117 1247 2195 tp.
1263 2115 1316 2188 do)

188 2210 296 2275 utitur.
341 2211 446 2276 Etiam
475 2212 508 2275 in
537 2210 628 2278 libris
657 2211 905 2295 manuscriptis
928 2210 1087 2277 Arcadum
1116 2208 1248 2275 nomina
1271 2207 1317 2272 di-

188 2328 316 2390 gammo
344 2309 498 2374 instructa
526 2307 723 2390 dvicarium
754 2306 890 2374 habent:
927 2329 947 2374 a
975 2307 1126 2391 Xenoph.
1157 2307 1261 2372 Anah.
1286 2311 1315 2389 4,

160 2477 161 2480 ¹
192 2409 219 2484 1,
244 2407 281 2468 18
304 2406 403 2470 Arcas
425 2409 558 2480 Βασίας
582 2404 703 2483 (confer
719 2405 829 2471 Boeoti
852 2405 1016 2472 cuiusdam
1040 2423 1157 2470 nomen
1179 2407 1317 2482 Ὲασίας,

73 2514 80 2534 ’
188 2499 281 2571 Stud.
303 2500 364 2582 IX,
389 2504 441 2577 52)
465 2507 737 2587 commemoratur.

275 2597 298 2674 1)
329 2597 367 2662 In
390 2598 520 2664 nomine
545 2601 655 2662 aaut
663 2596 682 2661 ὃ
690 2621 735 2674 ας
750 2599 861 2673 13381)
884 2597 954 2664 sine
977 2597 1073 2663 dubio
1097 2597 1260 2679 digamma
1283 2597 1317 2660 in

189 2719 208 2758 v
239 2695 374 2760 transiit.
419 2694 498 2760 Cum
531 2693 715 2774 Φαυ-ίδας,
754 2693 925 2772 (Dor-idac
959 2693 1068 2760 confer
1100 2693 1182 2758 aeol.
1216 2692 1316 2759 nubet.

190 2797 300 2878 φαῦος
324 2791 413 2872 (Aba.
436 2793 462 2874 I,
487 2795 549 2870 36).

275 2899 308 2972 g)
336 2885 496 2970 Ἐνυαλία,
513 2909 629 2955 nomen
645 2889 746 2956 tribus
758 2890 942 2960 Mantineae
957 2886 1047 2973 (ride
1059 2887 1117 2954 sub
1132 2885 1188 2970 a)),
1205 2893 1318 2971 aperte

127 3002 129 3007 ’
189 2985 233 3052 ad
249 2987 382 3052 Martem
399 2995 532 3070 spectat.
567 2986 664 3052 Ouius
680 2985 720 3053 de
736 2987 926 3070 cognomine
945 2982 1122 3065 Ἐνυάλιος,
1138 2983 1224 3068 quod
1239 3005 1318 3052 non·

190 3082 266 3149 dum
288 3086 483 3169 explicatum
508 3091 569 3168 est,
592 3085 729 3152 fortasse
750 3086 836 3150 huno
857 3085 891 3150 iu
914 3083 1042 3150 modum
1059 3084 1119 3150 erit
1140 3081 1319 3149 diiudican-

191 3179 277 3246 dum.
314 3179 481 3260 Ἐνυάλιος
507 3183 548 3247 ab
576 3182 690 3248 eadem
717 3181 842 3264 radice,
873 3202 968 3264 quam
990 3181 1023 3245 in
1046 3181 1179 3247 vocibus
1208 3179 1318 3262 ε’ίλλω,

191 3275 300 3355 eiiam,
327 3277 489 3361 οὐλαμός,
514 3277 648 3360 dra-rior
671 3279 747 3345 aliis
766 3278 987 3362 cognoscimus
1008 3284 1080 3358 (scr.
1103 3299 1171 3350 aar,
1194 3279 1320 3361 Etym.⁴
1373 3321 1375 3326 -

190 3394 222 3457 p.
247 3377 339 3452 539),
370 3377 523 3459 originem
548 3375 678 3442 duxisse
699 3377 835 3456 videtur,
857 3375 903 3440 ita
925 3382 959 3441 ut
977 3371 1145 3452 Ἐνυάλιος
1168 3393 1210 3440 ex
1231 3367 1320 3438 *Ἐν-

140 3543 146 3550 ,
190 3471 326 3548 sat-103
355 3471 421 3549 (cir.
452 3469 586 3560 ἒ-άλ-ην
615 3494 656 3540 ex
686 3472 868 3560 *d-foi-pv
898 3479 930 3539 et
959 3469 1147 3537 ε-ὕάλ-ωκα
1170 3491 1211 3537 ex
1240 3475 1319 3536 *re-

190 3568 358 3647 scit-aaa)
381 3568 542 3652 digamma
564 3571 597 3635 in
619 3596 638 3635 v
661 3577 783 3636 mutato
806 3571 949 3636 oriretur.
986 3566 1201 3644 Ἐνυάλιος
1222 3566 1321 3650 igitur
1365 3643 1367 3649 y

191 3686 275 3733 eum
292 3666 523 3750 significat,
543 3667 607 3751 qui
630 3668 668 3733 in
688 3688 847 3752 pugnae
867 3668 1041 3733 tumultu
1059 3663 1231 3748 (οὐλαμός)
1248 3665 1318 3732 ho·

191 3763 323 3830 stibus
346 3765 608 3830 vehementer
629 3764 767 3830 instat.
802 3765 948 3832 Eandem
964 3765 1104 3830 radicem
1119 3763 1151 3826 in
1175 3761 1318 3827 laconico
1382 3833 1386 3844 ¹

192 3863 322 3928 nomine
337 3863 472 3928 Βέλλων
496 3867 559 3946 (ap.
576 3863 671 3927 Fouc.
691 3863 789 3945 reeb,
816 3866 919 3947 16833
943 3862 977 3926 d.
997 3863 1022 3926 1.
1042 3863 1135 3938 1367)
1152 3894 1194 3906 -
1209 3859 1320 3926 confer

191 3957 345 4044 Hesychii
361 3955 552 4034 ἆπ-έλλειν·
569 3957 743 4046 ἀπείργειν
758 3995 800 4006 -
815 3979 867 4026 me
882 3960 1044 4026 invenisse
1058 3964 1145 4042 puto.
1169 3958 1320 4026 Fortasse

193 4055 289 4122 etiam
313 4055 460 4133 Βαλ-εύς
484 4061 546 4139 (ap.
572 4057 667 4122 Faue.
690 4060 764 4134 282)
788 4057 901 4124 ecdem
924 4063 1058 4140 spectat.
1075 4137 1085 4142 μ
1102 4056 1186 4122 Dein
1209 4055 1319 4122 confer

244 4153 345 4196 Ouarrus
359 4167 373 4196 u
393 4157 517 4202 Rauenna.
536 4157 627 4199 Studien
642 4158 666 4198 X.
1098 4159 1113 4208 9
