3218 4934
260 404 301 467 86
758 405 893 460 Bsuuaok

345 581 377 655 2)
408 580 523 643 Θευ-.
555 579 631 644 Eius
654 577 776 643 ionnce
798 577 936 660 plurima
958 583 1031 643 suut
1053 578 1204 661 exempla
1225 585 1258 643 et
1279 578 1385 668 ionica

260 683 293 742 et
315 665 455 758 vulgaris
477 675 627 756 Dorismi.

345 775 376 850 3)
407 774 513 838 Θου·
536 774 569 837 in
590 771 812 857 Θουκυδίδης,
837 769 1037 854 Θούμαντις,
1063 769 1276 850 Θούδιππος,
1299 773 1384 854 quod

259 889 377 938 nomeu
403 870 534 937 Fickius
556 889 598 936 en
619 867 775 934 *Θεο-δο
798 869 955 953 explicat,
985 870 1071 953 quod
1092 870 1210 936 iniuria
1233 889 1273 936 ex
1299 873 1386 936 Θεο-

262 966 375 1046 ὁοτο-,
420 966 620 1034 decurtatum
657 985 729 1033 esse
771 967 877 1032 sumit.
932 967 1021 1033 Illud
1058 966 1092 1045 ὅ,
1137 969 1222 1053 quod
1259 969 1386 1035 cnrtius

259 1066 358 1134 etiam
386 1065 419 1130 in
448 1063 684 1155 Νικόδιππος,
715 1061 909 1144 Arctoam}
938 1065 1071 1149 (Etym.⁴
1093 1089 1124 1150 p.
1148 1071 1224 1146 642)
1249 1066 1387 1132 inveniri

260 1164 403 1246 adnotat,
427 1161 585 1244 quemodo
609 1168 712 1228 ortum
735 1162 785 1244 eit,
808 1162 914 1228 adhuc
933 1181 1028 1228 nemo
1044 1165 1206 1248 explicuit.
1236 1165 1387 1230 Fortasse

259 1262 340 1328 haec
363 1259 586 1343 explicationis
608 1259 662 1325 via
684 1258 900 1342 ingredienda
917 1270 980 1325 est:
1002 1267 1038 1325 ut
1060 1279 1101 1326 en
1123 1259 1299 1347 *Λειώδης
1321 1265 1385 1337 (ae-

261 1378 323 1441 que
345 1377 383 1423 ac
405 1354 549 1444 Λεάδης
571 1356 752 1435 formatum)
775 1355 969 1438 Λεωδάναξ
990 1357 1168 1422 derivatum
1191 1366 1255 1440 eet,
1276 1359 1325 1424 ita
1346 1377 1387 1422 ex

260 1453 446 1541 *Νικόόης
470 1453 554 1536 quod
578 1454 760 1520 nominibus
785 1453 948 1532 Νικάόος,
972 1453 1135 1540 Νικάδης,
1158 1455 1303 1541 Νικίδης
1324 1455 1386 1520 col·

259 1554 335 1620 latis
367 1552 499 1636 cogitari
531 1559 653 1635 potest,
687 1549 924 1628 Νικόό-ιππος
953 1559 1063 1618 uatum
1093 1571 1164 1618 esse
1196 1553 1385 1636 putaverim

260 1649 354 1728 Quod
376 1657 411 1716 ut
432 1653 582 1732 statuam,
606 1649 746 1715 maxime
767 1668 820 1714 me
841 1648 975 1716 nomina
994 1648 1266 1735 ΧαριιΙ-απίόης
1288 1649 1386 1732 (quod

261 1748 294 1812 in
323 1748 387 1812 ion.
416 1747 510 1813 inser.
541 1746 586 1811 St
609 1745 646 1826 V,
671 1749 743 1826 269,
775 1749 824 1827 12,
854 1749 873 1810 2
901 1747 1033 1828 inveni),
1067 1745 1223 1832 Χαρίδης
1257 1748 1387 1813 nomine

259 1850 453 1928 comparato,
478 1848 510 1908 et
531 1841 825 1920 Πλευσίδ-ιππος,
848 1842 965 1907 collato
987 1842 1189 1929 Πλεοοίὸης,
1213 1842 1385 1909 adducunt.

258 1941 370 2023 Itaque
402 1938 622 2015 Θοὺὄ-ιππος
652 1958 672 2002 a
700 1937 861 2026 ΙΘούὸης
889 1942 942 2006 vel
972 1939 1135 2027 *Θεόόης
1162 1941 1229 2020 (cfr.
1254 1937 1386 2027 Θεοδης

258 2038 379 2103 Mionn.
410 2035 477 2116 ΙΙΙ,
507 2038 581 2113 203)
623 2034 834 2101 derivandum
865 2038 926 2103 erit
959 2038 1116 2117 (conferas
1142 2032 1322 2121 Εὐδαίμων
1355 2044 1386 2104 et

206 2137 208 2142 ’
259 2126 505 2216 Εὗδαιμοκλῆς,
524 2128 670 2217 Εὔφρων
686 2139 719 2198 et
734 2125 935 2219 Εὐφράνωρ,
960 2132 1142 2220 Θεόδωρος
1158 2143 1190 2202 ct
1207 2136 1387 2220 Θεοδωρο-

259 2229 391 2318 μήὸης).
426 2228 517 2308 Quae
538 2228 667 2310 quidem
690 2230 822 2296 nomina
844 2252 884 2297 cx
905 2232 980 2316 lege
1001 2233 1059 2298 illa
1081 2254 1101 2298 a
1124 2233 1237 2299 Fickio
1259 2239 1387 2318 reperta

260 2326 454 2412 explicanda
476 2332 561 2407 eunt,
582 2325 756 2392 secundum
773 2347 869 2409 quam
884 2328 999 2397 Graeci
1022 2327 1095 2396 filiis
1117 2331 1250 2396 nomina
1271 2331 1386 2398 dantes

258 2426 447 2509 plerumque
469 2443 509 2490 ex
538 2423 692 2506 nominis,
722 2443 784 2506 quo
812 2424 874 2509 ipsi
904 2427 1085 2510 utebantur,
1115 2428 1168 2495 vel
1198 2428 1304 2512 priore
1333 2429 1385 2495 vel

258 2521 401 2590 secunda
432 2527 524 2605 parte
557 2541 675 2586 novum
707 2542 826 2588 nemen
859 2524 997 2591 formare
1031 2531 1087 2590 aut
1117 2526 1182 2590 iam
1215 2524 1385 2592 formatum

257 2639 384 2687 sumere
405 2618 570 2700 solebant,
599 2619 645 2684 ita
673 2625 709 2684 ut
731 2640 771 2687 ea
792 2641 873 2702 vox,
904 2641 988 2706 quae
1009 2622 1145 2688 sortasse
1167 2622 1231 2687 iam
1259 2624 1385 2707 pridem

257 2719 413 2785 maiorum
435 2716 619 2782 nominibus
642 2716 781 2783 insuerat
810 2720 922 2790 (veluti
943 2719 1068 2799 ἵππος,
1093 2717 1208 2801 θεός),
1232 2720 1329 2786 etiam
1351 2722 1384 2786 in

258 2822 457 2899 posterorum
484 2813 668 2878 nominibus
696 2814 807 2895 cisque
836 2815 1054 2882 diversissimo
1082 2816 1177 2882 modo
1212 2837 1284 2882 cum
1312 2819 1385 2884 aliis

177 2921 182 2931 ·
258 2910 424 2975 vocabulis
452 2908 637 2991 compositis
665 2916 851 2992 appareret,
885 2932 948 2994 quo
978 2932 1018 2979 ex
1046 2933 1135 2980 more
1164 2915 1325 2997 permulta
1354 2922 1386 2981 et

258 3008 340 3071 mira
361 3004 493 3069 uomina
514 3004 698 3086 factasunt,
721 3026 804 3090 quae
822 3009 977 3092 explicari
1000 3012 1129 3076 omnino
1152 3031 1217 3076 uon
1240 3020 1383 3095 possunt,

259 3107 295 3167 ut
306 3097 474 3177 Ἱππόλας,
491 3097 661 3178 Αὐτόλας,
678 3103 920 3190 Νομφαγόρας,
942 3107 1177 3191 Μοιραγόρας,
1203 3110 1383 3190 Φίλοιθος,

230 3249 236 3258 .
260 3197 452 3275 Κύναιθος,
483 3195 703 3283 Μηνόθεμις,
732 3205 922 3289 Μηνοφιῦν,
945 3203 1167 3291 Μηνόφιλος,
1190 3203 1384 3291 Νόθαρχος,

258 3290 916 3381 Noornn09,'21vomnog‚Potamon,
942 3302 1177 3387 Θηριππίόας,
1202 3300 1385 3385 Σάμιππος

259 3392 388 3474 aliaque
410 3392 578 3475 permulta.

345 3494 378 3566 4)
399 3491 428 3556 Α
452 3491 530 3555 Θε-
551 3490 697 3557 ineuntis
719 3493 850 3558 nomina
871 3501 946 3559 sunt
966 3496 1098 3562 rariora.
1142 3497 1233 3576 Quae
1254 3498 1382 3580 quidem

259 3586 302 3652 iu
329 3586 678 3670 inscriptionibus
705 3591 925 3672 megaricis
946 3611 967 3657 a
989 3593 1159 3660 Foucartio
1181 3594 1276 3662 editis
1298 3595 1385 3673 (vide

259 3683 354 3759 infra)
384 3684 504 3767 reperi,
543 3691 617 3749 suut
649 3685 745 3750 haec:
783 3686 941 3772 Θέὸωρος
974 3694 1031 3774 31,
1063 3694 1121 3774 33,
1155 3695 1238 3775 334,
1273 3697 1326 3774 34,
1352 3705 1382 3775 4,

223 3827 226 3835 .
261 3779 346 3862 3441,
387 3779 548 3865 Θεδώροο
581 3786 635 3865 ΙΙ,
675 3785 789 3863 34,14
821 3791 853 3851 et
879 3797 923 3869 18,
963 3788 1049 3872 341),
1076 3800 1120 3869 24,
1162 3790 1322 3872 Θογείτου
1354 3793 1383 3870 3,

264 3871 409 3957 Θέοιμος
438 3881 473 3958 3,
513 3876 710 3961 Θεμνάστοο
740 3883 791 3962 27,
816 3893 845 3964 4,
879 3886 929 3966 28,
952 3896 968 3945 4
993 3885 1151 3968 leguntur,
1186 3887 1242 3951 ubi
1276 3894 1385 3952 tamen

262 3972 360 4039 ctiam
378 3972 564 4040 Θεοδοσίου
581 3980 632 4059 38,
658 3978 809 4064 Θεοκλῆς
824 3982 875 4060 70,
900 3983 1067 4063 Θεοτίμου
1087 3988 1135 4065 11,
1161 3981 1307 4065 Θεότιμε
1331 3988 1381 4067 64,
