3234 4930
292 487 354 551 112
791 491 924 548 Baunaek

289 659 446 742 κά-λεχες
468 683 538 730 oum
561 665 663 729 forma
679 664 863 745 κατέλεχες,
886 683 969 747 quac
987 684 1181 748 quamquam
1197 685 1353 751 nusquam
1369 667 1417 732 in-

289 760 425 842 venitur,
448 761 600 844 analogia
617 783 682 827 non
698 769 795 842 caret,
818 763 997 847 comparari
1014 762 1121 846 velim,
1144 763 1190 829 ita
1203 770 1239 829 ut
1261 762 1417 846 κά-λεχες

288 857 464 923 secundam
487 859 568 942 sing.
584 859 762 942 imperfecti
784 879 955 944 personam
974 861 1064 926 verbi
1080 861 1246 927 cuiusdam
1269 862 1415 943 κα-λέχω

289 974 360 1021 esse
384 955 498 1038 dicam,
522 956 607 1039 quod
629 957 672 1023 ad
695 957 764 1022 rad.
788 956 845 1038 λεχ
867 956 965 1034 (Ourt.
980 958 1103 1042 Etym.⁴
1118 979 1150 1042 p.
1168 962 1241 1036 193)
1264 961 1416 1043 pertinet:

288 1051 397 1132 *λέχω
415 1075 422 1118 :
437 1054 534 1134 λέχος
563 1086 606 1106 ==
634 1053 777 1138 ψεύδωι
801 1053 931 1138 ψεῦδος
959 1086 1003 1106 -
1032 1052 1185 1138 ἄχθομαι
1208 1079 1216 1122 :
1239 1052 1348 1138 ἄχθος
1373 1087 1417 1111 =

288 1148 415 1235 πλήθω
433 1173 441 1216 :
456 1150 604 1237 πλῆθος.
1053 1211 1056 1216 .

376 1252 427 1324 11)
458 1248 693 1326 κα-πατάς·
717 1254 893 1335 καθορῶν·
917 1249 1011 1337 παρὰ
1027 1248 1154 1336 Εὔκλῳ.
1180 1247 1276 1327 tande
1298 1252 1414 1318 collato

287 1343 398 1421 πατάς
420 1347 622 1431 participium
646 1366 716 1414 esse
739 1367 853 1414 censeo
877 1349 1019 1415 eiusdem
1046 1347 1164 1414 radicis
1187 1367 1269 1430 quae
1292 1350 1324 1414 in
1347 1373 1415 1414 πα-

286 1447 417 1507 nactum
447 1450 480 1510 et
506 1444 540 1508 in
568 1446 678 1526 glossa
707 1442 967 1527 ἆν-ε-πάτ-αξεν
999 1443 1048 1527 (ἐξ
1075 1441 1182 1511 ὕπνου
1213 1442 1415 1530 ἀνέβλεψεν)

285 1541 488 1625 conspicitur.
532 1542 656 1609 Eadem
678 1543 841 1609 invenitur
862 1544 896 1608 in

375 1642 425 1717 12)
471 1635 799 1706 ἰν-κα-ττάταὸν·
838 1638 1102 1726 ἐγκατάβλεψαν,
1140 1659 1236 1723 quam
1271 1640 1412 1723 glossam

284 1753 388 1818 aeque
418 1743 516 1820 atque
550 1735 738 1819 ἰμ-πάταὸν
768 1737 941 1822 ἕμβλεψον
970 1735 1109 1824 Πάφιοι
1141 1756 1218 1804 vere
1250 1739 1411 1823 cypricam

285 1852 356 1900 esse
384 1834 466 1900 vidit
488 1834 692 1902 Schmidtius.
737 1834 859 1914 Quodsi
888 1835 972 1901 hanc
998 1834 1140 1918 glossam
1169 1835 1330 1920 cyprioam
1357 1856 1412 1902 no·

284 1931 409 1998 minare
438 1933 529 2013 licet,
560 1940 646 1999 certe
677 1933 773 1998 etiam
802 1952 885 2016 quae
913 1932 1021 1998 statim
1051 1932 1193 2015 sequitur
1221 1933 1410 2018 Cypriorum

285 2027 424 2095 dialecto
447 2029 617 2096 tribuenda
640 2037 705 2096 est:

372 2129 423 2202 13)
462 2124 784 2212 ἰν-κα-φότευε·
807 2125 1067 2212 ἒνκαταφύτευε.

372 2227 424 2300 14)
460 2215 643 2288 soimanni·
666 2223 891 2307 κατακόψεις·
914 2222 1060 2310 Πάφιοι,
1082 2224 1192 2307 glossa
1213 2221 1333 2289 tradita
1355 2224 1409 2288 vix

282 2320 399 2405 poterit
421 2321 587 2404 explicari.
632 2323 840 2403 Mutationes‚
870 2342 949 2405 quas
976 2322 1122 2387 homines
1145 2321 1229 2386 docti
1257 2341 1409 2405 proposu-

283 2425 385 2501 erunt,
409 2418 524 2486 afferre
546 2420 678 2503 longum
701 2426 766 2504 est3
790 2440 846 2486 eas
868 2421 1020 2486 collectas
1042 2421 1168 2486 invenis
1190 2419 1224 2483 in
1240 2417 1408 2485 Schmidtii

282 2515 358 2582 edit.
388 2517 511 2582 minore
540 2525 572 2584 et
600 2519 731 2585 maiore.
771 2519 922 2585 Fortasse
955 2516 1127 2600 legendum
1157 2523 1205 2582 est
1237 2522 1405 2602 κα-πατᾷ·

282 2613 519 2695 κατακόπτεις,
543 2617 589 2682 ita
610 2623 645 2682 ut
668 2617 708 2684 de
727 2616 870 2683 secunda
892 2615 991 2684 medii
1013 2634 1153 2699 persona
1175 2613 1265 2679 verbi
1287 2611 1407 2677 πατάω

282 2719 406 2796 agatur.
451 2711 570 2779 πατάω
603 2721 711 2781 autem
740 2713 942 2780 coniunctum
971 2719 1020 2784 est
1048 2731 1118 2776 cum
1148 2715 1264 2775 πατέω
1295 2710 1409 2777 cadem

281 2811 473 2894 cognatione
495 2819 591 2895 atque
614 2806 706 2898 ὃράω
733 2831 804 2877 cum
833 2805 921 2895 ὁρέω
949 2809 1037 2894 apud
1059 2808 1257 2875 Herodotum
1280 2808 1407 2874 usitato.

281 2908 399 2974 Nescio
427 2928 469 2973 an
500 2908 561 2973 duo
592 2908 688 2973 lcxici
716 2909 750 2972 in
778 2908 841 2974 hac
868 2909 978 2991 glossa
1005 2912 1157 2974 accentus
1189 2905 1254 2972 sint
1285 2905 1408 2972 librarii

281 3004 445 3071 mendum.

369 3105 419 3178 15)
457 3097 711 3187 κά-ρραξοκ·
735 3100 887 3188 Πάφιοι·
910 3103 1034 3187 κρᾶξον
1057 3120 1115 3183 pro
1131 3095 1324 3183 κά-κραξον,
1348 3121 1408 3164 κα-

279 3196 457 3285 τάκραξοκ.
502 3197 585 3265 Vide
608 3198 667 3264 sub
691 3203 732 3276 8).

369 3301 419 3373 16)
449 3293 638 3384 κά-στρω
646 3314 716 3379 μα·
739 3301 971 3382 περίστρωμα.
1001 3293 1156 3377 Singulae
1172 3292 1308 3376 litterae,
1325 3312 1406 3376 qnae

280 3394 423 3476 glossam
445 3401 630 3478 sequuntur,
661 3393 796 3462 fortasse
818 3392 1036 3462 adnotationis
1058 3388 1162 3473 [παρὰ
1183 3385 1311 3476 ΕὺΊκλῳ
1333 3391 1405 3458 reli·

281 3492 375 3574 quiae
392 3500 476 3575 sunt,
499 3493 585 3577 quod
607 3492 862 3559 additamentum
885 3510 1043 3576 persaepe
1064 3495 1244 3571 corruptum
1269 3494 1327 3570 est,
1350 3488 1405 3553 cir.

279 3590 339 3654 sub
362 3593 393 3667 9)
416 3591 472 3655 ubi
494 3590 597 3658 codex
620 3586 739 3676 Εὐηλῳ
768 3589 910 3656 exhibet.
954 3589 1045 3654 Alios
1069 3587 1158 3651 locos
1179 3591 1406 3650 commemorat

279 3687 461 3754 Meinekius
490 3689 607 3754 Philol.
631 3687 696 3752 XII
724 3707 755 3770 p.
780 3689 851 3752 602.
901 3687 941 3752 In
970 3685 1046 3752 edit.
1069 3684 1190 3750 maiore
1211 3681 1406 3747 Schmidtius

278 3782 430 3849 adnotat:
468 3787 598 3867 „glossa
626 3803 644 3850 e
673 3781 898 3868 κατάστρωμα
926 3789 1075 3867 corrupta
1102 3779 1229 3846 videtur
1258 3778 1296 3844 G.
1326 3778 1405 3842 Diu·

281 3877 413 3944 dorfio.“
436 3915 476 3926 —
500 3881 570 3947 Huc
591 3886 716 3964 spectat
738 3899 810 3945 mea
833 3879 960 3963 quidem
983 3878 1144 3946 sententia
1166 3876 1262 3943 ctiam

366 3979 416 4057 17)
459 3977 650 4059 κα-χίλα·
694 3973 812 4063 drep·'
840 3972 1006 4063 Κύπριοι,
1042 3974 1138 4058 χιλός
1174 3974 1307 4054 collato,
1345 3970 1403 4038 sed

191 4121 193 4132 .
277 4072 473 4141 Schmidtius
488 4095 528 4155 „e
544 4074 680 4159 κάλχα1,
704 4076 759 4158 ait,
782 4081 985 4159 „corruptum
1002 4093 1072 4142 csse
1087 4072 1168 4139 vidit
1182 4071 1225 4137 Is.
1238 4070 1403 4138 Vossius.“
