3218 4934
267 477 328 542 132
764 479 897 538 Baunaak

264 653 440 736 seripturae
454 650 541 718 insit·
564 650 725 734 Bergkius
736 649 993 735 „seribeudnm“,
1010 654 1065 736 ait,
1081 653 1220 742 „epops
1236 673 1278 721 ex
1293 660 1389 734 „mo-

235 742 238 748 ’
265 747 356 827 εινός
389 745 560 836 (φαεννός)
592 769 659 813 non
692 745 802 835 φανός
833 749 891 820 sed
926 750 1129 819 Doriensium
1162 772 1250 818 more
1281 749 1389 839 φηνός

264 851 398 914 ortum“.
429 846 587 930 Equidem
604 846 734 930 plenam
750 846 840 912 illam
858 846 991 914 formam
1010 847 1147 936 Φαηνάν
1161 854 1232 934 (pro
1247 848 1267 890 *
1276 855 1391 938 warp-

263 943 346 1024 νόν),
370 964 454 1028 quae
473 942 615 1010 dorioum
637 943 780 1026 sequitur
801 963 932 1027 morsm,
954 947 1184 1014 restituendam
1208 967 1279 1015 esse
1301 954 1389 1032 puto.

349 1043 464 1126 Neque
486 1042 592 1108 obstat
613 1041 699 1125 quod
721 1066 743 1106 s
764 1040 871 1126 deest;
894 1062 1033 1128 namque
1055 1044 1088 1110 id
1111 1045 1241 1130 saepius
1261 1045 1296 1110 in
1318 1046 1391 1111 Alo·

263 1140 368 1206 manis
402 1139 589 1223 fragmentis
620 1139 818 1226 omittitpr.¹⁰)
863 1139 928 1206 Sed
957 1141 1019 1208 hae
1051 1142 1092 1210 de
1124 1163 1159 1210 re
1191 1142 1283 1208 alias.
1334 1142 1389 1209 Uti

266 1235 385 1322 Φαηνά
416 1255 456 1302 ex
485 1235 690 1303 *wareo-ta
723 1236 790 1311 (eir.
821 1236 1000 1332 dragmam,
1033 1239 1123 1306 stud.
1153 1240 1208 1321 IV,
1240 1243 1311 1320 95),
1344 1240 1390 1306 ita

263 1333 418 1419 Hesychii
440 1335 581 1418 glossam
596 1330 721 1420 κάηνα·
744 1333 785 1397 τὰ
802 1333 838 1399 εὖ
854 1333 1017 1418 καιόμενα
1033 1335 1114 1418 ξύλα
1129 1358 1170 1406 ex
1187 1336 1388 1415 *sasso-vo,

264 1429 387 1519 σελήνη
412 1448 453 1498 ex
474 1429 663 1518 *σελασ-νη
693 1436 772 1496 nata
801 1451 871 1498 esse
900 1434 1089 1515 putaverim.
1134 1435 1281 1502 Eandem
1303 1435 1388 1500 viam

262 1525 305 1594 ad
328 1549 446 1596 nomen
468 1527 550 1594 illud
565 1529 701 1596 alterum
716 1527 943 1612 explicandum
959 1531 1166 1616 ingredimur.
1203 1531 1389 1618 Κληνίπνια

262 1625 348 1693 enim
371 1646 444 1697 mea
465 1626 594 1710 quidem
610 1627 829 1692 sententia‘ex
843 1627 1045 1715 Κλην-ίνιπα
1060 1629 1081 1694 i.
1098 1649 1126 1696 e.
1141 1627 1389 1717 *Κλεην-ιπντα

263 1729 366 1819 ortum
382 1730 441 1806 est,
462 1723 551 1790 ouius
565 1742 641 1807 pars
655 1724 742 1807 prior
759 1723 899 1812 κλεηνός
915 1724 1024 1793 dorion
1038 1727 1140 1794 forma
1154 1728 1242 1793 voois
1258 1722 1389 1801 κλεινός

263 1839 336 1889 esse
349 1820 486 1887 videtur.
517 1820 608 1888 Idem
623 1821 735 1888 statuit
757 1820 798 1887 de
812 1822 943 1889 nomine
963 1824 1021 1888 illo
1043 1825 1172 1908 proprio
1188 1825 1390 1908 Brugmanus

261 1919 284 1982 l.
307 1919 340 2001 l.,
371 1919 426 2001 qui
453 1925 621 2003 praeterea
646 1916 734 2001 apud
756 1917 972 2002 HephaestI
1000 1941 1032 2004 p.
1055 1924 1105 2003 27,
1132 1925 1170 1986 16
1199 1942 1258 2005 pro
1280 1922 1390 2006 Κλεη-

259 2019 383 2096 1σίντνεω
411 2017 477 2101 legi
504 2017 574 2082 vult
597 2015 815 2102 Κλεηνίππω.
860 2014 988 2084 Curtius
1019 2017 1058 2083 de
1087 2037 1165 2084 voee
1189 2015 1321 2094 κλεινός
1344 2021 1390 2083 ita

264 2115 412 2198 exposuit
433 2115 569 2199 (lltym.⁴
591 2134 623 2197 p.
643 2116 728 2193 150),
752 2117 786 2176 ut
809 2111 939 2190 κλεινός
962 2135 1004 2194 en
1018 2100 1183 2191 nte-oola
1199 2120 1300 2180 ortum
1318 2133 1389 2180 esse

263 2211 446 2277 contendat.
470 2213 534 2298 ,At
556 2231 626 2276 oum
650 2216 681 2276 et
705 2208 785 2273 illud
815 2208 936 2295 κληνός
965 2212 1328 2298 ηοωίηῑε,Κλην-ίπννα
1357 2219 1390 2278 et

262 2308 486 2396 Hesychiauas
507 2308 626 2374 formas
648 2304 802 2372 κλεεννόν
825 2302 1039 2389 (ὀνομαστόν)
1063 2318 1094 2376 et
1116 2309 1278 2375 κλεεννῶν
1301 2302 1389 2385 (δνο-

261 2407 408 2490 μαστῶν,
433 2403 593 2486 ἐνδόξων)
608 2403 804 2488 respioimus,
828 2424 866 2471 eo
881 2406 988 2490 potius
1010 2406 1208 2491 adducimur,
1231 2413 1267 2474 ut
1281 2408 1388 2473 varias

262 2505 381 2572 formas
403 2505 488 2570 huno
509 2503 543 2567 in
565 2501 695 2566 modum
716 2501 801 2570 inter
822 2523 857 2570 se
880 2503 1126 2587 coniungamus:

767 2605 780 2629 ,,

703 2635 944 2717 *κδεν-εσ·νο-ς

416 2850 556 2918 Κλεννά.
740 2851 882 2929 κλεινός.
1091 2853 1223 2940 κληνός.

264 2991 314 3056 De
346 2987 506 3054 vocalium
539 2987 733 3072 hyphaeresi
766 2988 875 3054 eonfer
904 2987 1044 3072 δένδρον
1074 2995 1106 3054 et
1134 2988 1292 3074 δένδρεον
1321 2991 1387 3058 alia

169 3107 174 3119 ·
263 3085 400 3164 (Fritsoh
424 3083 514 3148 stud.
538 3084 591 3167 VI,
615 3087 655 3149 90
671 3087 764 3167 sqq.).
808 3081 938 3150 Κλεννά
959 3085 1001 3150 ab
1023 3085 1180 3152 Alemane
1203 3106 1242 3154 ea
1264 3089 1386 3169 Gratia,

263 3203 361 3267 quam
390 3180 567 3248 Pausanias
594 3179 708 3267 Κλητά
733 3182 886 3264 nominat,
915 3182 1107 3266 appellatur.
1149 3184 1231 3249 Dein
1260 3191 1387 3269 praeter

263 3280 492 3367 „Ittpvtrmffl
528 3278 779 3365 Κλην-αγόρας,
818 3277 1065 3367 idipso-reolus,
1102 3279 1386 3368 Κληνό-στρατος,

264 3375 396 3464 Κληνός
417 3377 451 3442 in
474 3376 639 3444 Benseleri
661 3378 765 3444 lexioo
786 3378 972 3444 afferuntur.
1009 3377 1113 3443 Simili
1135 3380 1230 3461 modo
1251 3380 1385 3446 verbum

264 3477 364 3540 κλείω
392 3483 434 3540 ex
459 3472 604 3540 *κλεείω
633 3475 757 3554 (confer
778 3475 896 3542 τελείω
927 3495 968 3541 ex
996 3473 1193 3553 *retro-ro)
1221 3477 1343 3562 ¹vocalis
1370 3501 1385 3541 s

334 3679 366 3744 ¹⁰)
391 3677 530 3732 Interdum
552 3675 685 3745 digamum
706 3677 774 3731 latet
796 3675 826 3731 in
849 3675 986 3745 scriptura
1006 3674 1120 3730 tradita:
1148 3676 1178 3730 in
1198 3675 1293 3746 fragm.
1311 3681 1385 3742 60‚.2

261 3773 312 3827 pro
330 3758 432 3814 oodieis
455 3756 572 3812 lectione
589 3753 728 3826 πρότονές
744 3774 774 3811 τε
796 3771 856 3812 meo
878 3755 938 3810 iure
954 3753 1097 3826 πρώνονὲς
1114 3775 1143 3810 τε
1166 3757 1293 3822 restituo,
1312 3770 1387 3830 ¹quiae

262 3837 350 3892 torma
360 3838 482 3906 proxime
497 3835 604 3892 aceedit
616 3836 651 3891 ed
665 3836 821 3906 primmdum
835 3838 1001 3905 *notrorum
1013 3850 1031 3891 a
1044 3852 1098 3906 qua
1109 3837 1280 3906 Brugmanus
1293 3851 1385 3892 omnes

261 3919 343 3972 huius
360 3918 435 3972 vocis
452 3917 552 3972 iormas
576 3916 662 3984 (stud.
681 3917 727 3985 IV,
749 3923 806 3984 155)
826 3916 944 3972 deduxit
978 3916 1071 3972 Etiam
1088 3917 1117 3971 in
1134 3917 1230 3986 fragm.
1250 3923 1281 3972 41
1300 3919 1387 3986 legam

261 4013 312 4066 pro
330 3997 437 4052 traditis
454 3997 543 4053 verbis
562 3985 653 4050 (ἔπιδ’
674 3997 806 4071 ἱταίρωνς
826 3993 919 4050 olfad’
947 3995 1066 4067 ἑταίρων
1082 3997 1187 4065 (confer
1204 4001 1256 4054 lac.
1276 3995 1385 4064 ἕξωβά-

262 4077 322 4130 δια·
342 4074 441 4130 ἐνώτια
458 4092 501 4146 ap.
519 4076 585 4133 Hes.
604 4109 636 4118 -
655 4078 729 4135 Curi.
747 4078 851 4150 Elymi.⁴
868 4081 937 4146 404).
