3226 4948
273 413 337 475 3¹12
789 417 883 486 θρίω

272 590 431 675 postolat,
464 587 574 672 Bergk
606 588 719 654 merito
748 588 899 653 Doricam
927 607 1040 654 vocem
1073 588 1212 654 restituit
1241 593 1295 666 τίς
1323 613 1399 654 aar

272 684 513 765 (Schneidewin
533 690 587 763 τίς
610 682 646 750 δ’
669 682 741 769 ἄν),
768 685 807 750 ir.
829 689 870 749 49
893 679 940 762 ὦς
962 679 1009 749 ἂν
1031 680 1062 764 ὅ,
1087 685 1143 750 uhi
1164 685 1261 752 facile
1281 687 1400 770 aliquis

272 780 320 861 ὥς
342 808 404 849 zur
426 777 446 848 ὖ
468 783 629 868 conjicere
650 791 766 868 potest
1009 819 1021 834 ν

671 1137 798 1214 Casus
823 1162 997 1212 rnnvrcnn

273 1328 367 1407 518.
410 1327 467 1391 De
488 1326 721 1391 Laconicae
750 1324 922 1390 dialecti
950 1325 991 1388 in
1014 1325 1265 1389 Alcmaniois
1293 1325 1402 1408 frag-

666 1423 815 1488 mentis
837 1423 1010 1488 ratione.

358 1557 504 1622 Excussa
525 1557 620 1641 eopia
641 1556 823 1637 formarum,
846 1578 926 1639 quas
940 1556 1107 1623 Alouanis
1126 1557 1307 1640 fragmenta
1328 1577 1404 1640 sup-

272 1653 436 1738 peditant,
469 1663 502 1720 ct
533 1675 606 1720 oum
634 1655 796 1720 Laconica
826 1655 966 1720 dialecto
997 1655 1173 1720 vetustiore
1204 1661 1401 1744 comparata,

273 1751 414 1818 vidimus
435 1773 547 1819 omnes
575 1753 684 1836 leges,
715 1753 830 1834 quibus
856 1753 945 1817 illam
967 1773 988 1817 a
1010 1753 1170 1817 communi
1198 1752 1327 1816 differre
1348 1752 1402 1818 vel

251 1857 360 1923 ,certo
382 1851 500 1916 scimus
521 1851 575 1915 vel
597 1851 771 1916 verisimile
792 1850 966 1928 hahemus,
996 1849 1083 1932 apud
1106 1858 1250 1914 nostrum
1271 1857 1401 1932 poetam

273 1946 423 2012 inveniri.
466 1947 570 2014 Certis
592 1948 783 2030 quibusdam
802 1947 960 2030 exemplis
982 1947 1272 2013 demonstravimus
1293 1947 1328 2010 in
1350 1948 1401 2013 his

274 2044 469 2110 carminibus
501 2044 643 2110 valuisse
671 2045 864 2109 Laconicum
896 2045 1058 2109 vocalium
1091 2049 1124 2108 ct
1155 2044 1402 2110 consonantium

272 2160 366 2206 usum
388 2162 409 2206 a
430 2142 559 2223 vulgari
581 2141 707 2206 ratione
729 2140 906 2207 diversum:
929 2165 951 2203 α
972 2161 1031 2225 pro
1050 2165 1077 2217 r,
1100 2165 1138 2204 αι
1159 2161 1218 2224 pro
1234 2165 1275 2218 ει,
1299 2162 1401 2225 apro

273 2261 306 2323 η,
328 2262 350 2300 α
371 2257 473 2322 provo
488 2243 554 2317 (co,
577 2245 641 2314 αω)
663 2238 702 2303 el.
724 2241 798 2321 §63
820 2264 840 2324 η
863 2259 921 2322 pro
937 2264 959 2302 α
978 2247 1041 2316 (aa,
1064 2244 1132 2324 αη),
1155 2305 1161 2323 ,
1196 2249 1255 2321 prh
1270 2263 1293 2324 ᾳ
1311 2243 1401 2321 (aar),

272 2359 294 2420 η
316 2355 375 2418 pro
397 2361 430 2402 ει
459 2336 661 2420 diphthongo
686 2336 868 2402 adulterina
889 2337 929 2402 cl.
952 2339 973 2416 ξ
995 2341 1032 2419 73
1062 2361 1089 2399 ω
1115 2357 1174 2419 pro
1196 2359 1236 2398 ov
1258 2336 1299 2400 cl.
1321 2339 1342 2418 ξ
1365 2340 1402 2420 83

274 2453 391 2516 apros
414 2435 449 2499 in
470 2433 703 2517 adjectivorum
724 2434 949 2500 terminatione
969 2447 1040 2509 -coc
1061 2434 1102 2498 ei.
1117 2435 1173 2513 §9
1196 2440 1228 2498 et
1249 2433 1284 2497 in
1306 2433 1403 2499 deeli-

273 2532 406 2597 natione
430 2532 576 2615 stirpium
598 2532 632 2596 in
654 2557 686 2595 -ι
707 2531 923 2597 desinentium
944 2533 1060 2613 (§17);
1083 2557 1103 2594 κ
1125 2550 1183 2612 pro
1205 2555 1234 2607 τ,
1257 2555 1278 2593 τ
1298 2552 1357 2614 pro
1381 2553 1403 2596 σ

273 2626 315 2691 ci.
336 2630 358 2708 ξ
382 2631 438 2710 12,
468 2651 513 2694 oo
539 2648 598 2712 pro
627 2650 649 2693 σ
676 2629 716 2693 oi.
739 2632 760 2709 5
785 2632 838 2711 143
867 2628 1032 2711 digamma
1057 2635 1219 2710 servatum
1243 2625 1284 2692 ci.
1307 2629 1328 2707 ξ
1353 2634 1401 2692 15.

274 2722 404 2790 Dcinde
421 2728 581 2792 vocalium
602 2727 856 2792 concurrentium
879 2726 960 2790 ratio
975 2725 1093 2790 Dorica
1110 2727 1143 2804 (ξ
1161 2728 1223 2805 10),
1243 2725 1401 2808 correptio

273 2821 473 2904 syllabarum
489 2823 632 2888 finalium
654 2825 686 2902 (ξ
704 2828 766 2906 11),
787 2823 1061 2907 praepositionum
1075 2841 1229 2905 apocope,
1251 2822 1402 2903 neglecta

274 2919 465 2985 metathesis
488 2923 520 2999 (ξ
538 2924 600 3000 16),
624 2920 763 2984 futurum
786 2920 947 3003 Doricum,
968 2920 1119 2984 infinitivi
1141 2918 1308 2984 verborum
1332 2918 1401 2983 the·

274 3015 393 3079 matica
407 3015 512 3080 vocali
530 3015 706 3081 carentium
720 3015 901 3081 terminatio
916 3041 1004 3098 -μεν,
1028 3015 1129 3082 dativi
1150 3013 1275 3099 plcnior
1296 3013 1399 3078 forma

274 3110 310 3176 in
324 3131 421 3175 -εσσι
440 3112 564 3192 exiens,
585 3113 745 3195 particula
759 3111 831 3192 κᾶν,
853 3113 1049 3197 praepositio
1071 3112 1161 3179 rradci
1182 3111 1247 3178 alia
1268 3109 1396 3190 ci.§17

274 3208 428 3274 librorum
455 3209 647 3276 auctoritate
668 3211 747 3276 satis
775 3210 863 3294 apud
890 3219 1034 3277 nostrum
1062 3218 1192 3295 poetam
1213 3207 1401 3274 confirmata

273 3312 357 3372 sunt
387 3305 561 3373 Praeterea
576 3323 644 3372 non
665 3327 770 3391 pauca
783 3314 869 3389 sunt,
891 3328 975 3391 quac
995 3307 1129 3374 aliunde
1150 3306 1256 3372 minus
1271 3304 1401 3388 cognita

273 3403 473 3486 grammatici
494 3410 660 3487 tamquam
675 3405 794 3470 Dorica
814 3424 856 3470 cx
876 3405 1033 3471 Alcmana
1054 3405 1202 3484 afferunt,
1227 3404 1295 3468 alia
1316 3421 1400 3484 quae

273 3501 455 3568 tacentibus
475 3501 693 3583 grammaticis
714 3523 775 3567 nos
788 3501 968 3568 Laconicae
983 3501 1122 3568 dialecto
1143 3500 1311 3566 vetustiori
1330 3499 1400 3564 vin-

275 3595 386 3664 dicare
406 3617 585 3680 possumus.
627 3600 679 3665 De
702 3623 718 3664 ε
740 3619 799 3681 pro
821 3623 841 3662 o
866 3596 1049 3682 (γεργύρα),
1078 3622 1099 3662 κ
1121 3616 1179 3681 pro
1200 3621 1229 3661 rr
1249 3591 1351 3676 (ἶκα),
1379 3619 1400 3658 τ

274 3713 332 3775 pre
356 3692 376 3758 d
398 3685 631 3778 (Ἀρτέμιτος),
653 3697 692 3759 λλ
713 3715 771 3779 pro
793 3695 812 3757 l.
834 3695 972 3775 (καλλὰ),
996 3695 1038 3762 dc
1060 3695 1148 3761 exitu
1170 3693 1399 3758 vocabulorum

274 3789 309 3853 in
324 3789 406 3859 duas
420 3809 579 3859 conam
593 3789 759 3876 (μάκαρς),
781 3790 855 3857 aliis
872 3799 999 3859 veteres
1013 3798 1188 3874 tesmntur3
1210 3790 1304 3854 nohis
1318 3787 1400 3854 duas

274 3884 476 3966 potissimum
497 3907 549 3954 res
564 3889 823 3954 Alcmanicorum
838 3890 1057 3973 exemplorum
1078 3888 1261 3954 constantia
1282 3884 1400 3952 docere

275 3978 412 4064 videtur,
440 3983 577 4065 primum
604 3987 705 4052 verba
731 3992 896 4052 contracta
925 4010 941 4051 ε
971 3992 1048 4052 ante
1076 4010 1094 4050 o
1125 3992 1158 4052 ct
1184 4007 1212 4046 ω
1241 4002 1307 4047 non
1328 3983 1363 4048 in
1385 4007 1399 4046 ι
