3208 4928
500 465 677 532 Quaestiones
695 465 916 534 dialectologioae
933 482 1055 537 graecae.
1277 464 1337 528 261
1372 527 1378 539 x

316 638 357 701 11.
388 637 526 701 Attica
547 637 581 701 in
603 637 787 703 universum
803 659 913 704 omnes
929 639 1100 722 productas
1116 644 1139 703 ἇ·
1154 641 1187 706 in
1203 665 1221 726 η
1239 649 1340 708 mutat

387 734 530 818 exceptis
553 734 602 812 iis,
625 735 742 817 quibus
763 761 792 818 ρ,
817 761 839 812 ι,
864 760 879 802 ε
903 736 1077 819 praecedit.

298 832 357 896 III.
388 831 533 897 Ionica
554 851 596 897 ne
618 839 693 898 ante
716 857 751 915 ρ,
779 858 808 910 ι,
836 857 851 897 e
875 832 1004 916 quidem
1027 839 1049 897 ἃ
1072 835 1177 900 vocali
1206 855 1341 918 parcens

387 927 505 1010 ubique
527 927 594 994 sere
617 953 636 1015 η
661 950 718 1012 pro
742 933 763 991 ᾶ
786 929 928 995 exhibet.

298 1028 367 1092 Iam
382 1045 459 1091 vero
477 1026 519 1091 de
540 1026 601 1092 hac
623 1033 691 1091 tota
713 1046 747 1093 re
770 1027 936 1112 scripturo,
960 1036 994 1094 ut
1016 1029 1144 1112 habeat,
1169 1030 1254 1096 unde
1269 1051 1340 1114 pro-

111 1169 117 1176 -
213 1123 370 1191 ficiseatur
393 1123 578 1207 disputatio,
607 1124 689 1190 haee
710 1125 847 1208 primum
870 1127 1013 1209 quaestio
1029 1127 1136 1207 oritur,
1161 1148 1222 1210 quo
1244 1128 1340 1194 modo

213 1222 287 1289 talis
319 1221 527 1287 dialeetorum
557 1221 618 1287 hac
647 1222 681 1287 in
710 1241 745 1288 re
775 1222 990 1308 discrepantia
1019 1231 1089 1306 orta
1117 1225 1166 1290 sit.
1213 1227 1340 1293 Etenim

211 1340 315 1403 nuper
336 1320 366 1386 J.
385 1318 591 1400 Schmidtius,
614 1320 663 1383 vir
686 1319 888 1386 doetissimus
910 1330 1007 1404 atque
1029 1323 1263 1406 sagacissimus,
1288 1347 1341 1392 ex·
1395 1404 1397 1406 ,
1495 1399 1497 1407 ‚

213 1417 335 1502 posuit,
367 1416 444 1500 quid
467 1415 508 1482 de
530 1417 591 1482 hae
613 1424 681 1483 tota
703 1419 894 1485 Graecorum
918 1424 939 1482 ᾶ
962 1421 996 1484 in
1019 1445 1038 1506 η
1062 1422 1238 1487 mutatione
1260 1422 1341 1488 iudi·

213 1522 309 1581 caret.
354 1513 440 1579 Dicit
461 1513 558 1597 igitur
579 1515 716 1593 (Voo.H
741 1518 934 1598 190sequ.):
968 1516 1133 1596 „Sollen
1162 1517 1233 1584 wir
1261 1540 1340 1585 nun

211 1611 407 1695 glauben,
439 1610 535 1678 dass
558 1634 585 1676 ι.
609 1613 640 1676 b.
661 1611 945 1695 urgrieohiseh
968 1603 1025 1694 μοί
1045 1615 1267 1682 einerseits
1289 1617 1340 1682 im

211 1710 450 1791 ionischen‚
475 1703 762 1776 andererse'its
783 1731 887 1793 gana
909 1712 1184 1796 nnabhangig
1207 1713 1340 1781 davon
1378 1709 1381 1713 ’

210 1806 555 1898 imlesbisohen,
597 1807 843 1874 bbotisoben
879 1812 1003 1892 (pet),
1042 1809 1259 1878 dorisohen
1296 1834 1341 1878 ιιι

209 1903 262 1990 μή
297 1904 515 1988 geworden
548 1904 633 1970 sei?
683 1899 743 1971 Ist
776 1926 816 1971 es
851 1907 963 1972 nicht
994 1906 1051 1971 vil
1084 1908 1341 1976 nattrlicher
1401 1923 1405 1927 ’

210 2025 260 2069 an
283 2024 328 2068 ιιι
350 2021 509 2084 nemen,
532 2001 628 2070 dass
650 2004 718 2069 auf
739 2005 868 2072 einern
890 1999 1048 2088 pnnkt'e
1071 2004 1140 2071 des
1159 2006 1341 2089 griechi-

212 2101 336 2167 seben
365 2100 525 2166 damals
554 2100 658 2166 nooh
692 2102 731 2167 in
763 2103 1176 2168 ununterbrochener
1203 2105 1340 2170 conti-

211 2197 1340 2283 nuitetvarlautendensprachgebictssbeidcnlonern

209 2295 299 2379 pioh
317 2296 387 2360 der
407 2296 533 2377 klang
551 2294 619 2360 des
635 2297 749 2361 alten
765 2320 786 2358 α
801 2297 1043 2362 allmahlioh
1066 2319 1110 2363 ιιι
1126 2323 1144 2385 η
1162 2301 1339 2381 erhdhte,

212 2393 293 2457 und
323 2392 421 2457 dass
450 2391 538 2462 dise
567 2391 888 2474 erhdhungsieh
918 2394 1016 2458 tiber
1042 2394 1105 2460 die
1127 2398 1339 2463 naehbarn

211 2510 335 2554 -um
357 2489 463 2555 moin
485 2488 622 2553 irdher
651 2491 850 2570 gewaltes
879 2488 965 2553 bild
993 2511 1038 2554 ιιι
1067 2490 1275 2559 brauohen
1298 2531 1340 2541 —

210 2585 1340 2658 inimmcrschwaoherwerdenberwelleverbreitets?

211 2685 286 2750 Die
308 2684 520 2750 tatsaohen
543 2683 725 2766 zwingen
747 2704 794 2748 zu
816 2682 928 2772 diser
949 2703 1137 2766 anname,
1164 2688 1238 2753 wie
1260 2710 1340 2754 um·
1366 2756 1369 2763 ,

211 2783 360 2867 gekert
382 2781 471 2848 dise
495 2800 663 2846 anname
687 2781 770 2846 alle
793 2781 1007 2847 tatsaolreu
1030 2782 1220 2849 er·klart;“

298 2881 422 2947 Vellem
445 2878 586 2963 profecto
610 2878 784 2962 placuisset
806 2879 874 2943 viro
897 2878 1073 2945 clarissimo
1097 2880 1206 2963 paullo
1234 2883 1339 2964 copio-

210 2980 276 3047 sius
300 2978 341 3045 de
362 2979 413 3044 his
439 2977 586 3042 omnibus
615 2976 773 3042 disserere
800 2976 912 3059 rebus;
942 2975 1095 3044 confiteor
1117 2977 1201 3043 enim
1224 2998 1275 3048 me
1299 3001 1339 3045 ex

209 3078 297 3143 illias
326 3069 486 3142 sententia
514 3083 547 3141 et
574 3074 715 3154 ratione,
744 3064 992 3156 quamvis'aliis
1020 3074 1054 3138 in
1081 3076 1187 3142 causis
1210 3084 1242 3141 et
1269 3077 1340 3160 pro·
1430 3151 1432 3154 ,
1551 3072 1554 3078 ’

210 3165 320 3240 banda
348 3174 389 3239 sit
417 3181 449 3239 et
477 3173 644 3256 probetur,
675 3171 884 3237 dialectorum
914 3172 975 3237 hac
1003 3172 1094 3238 inre
1117 3173 1339 3240 condicionem

212 3271 444 3354 explicaturum
471 3270 505 3334 in
534 3269 666 3336 summis
691 3276 787 3350 atque
808 3269 1005 3351 gravissimis
1028 3272 1149 3335 versari
1173 3269 1340 3336 difficulta-

211 3369 324 3446 tibus⁸¹
349 3366 512 3448 Imprimis
540 3372 648 3431 autem
671 3366 830 3448 quomodo
859 3366 917 3432 ille
938 3367 1023 3432 inter
1044 3368 1140 3433 Iones
1162 3375 1194 3433 et
1215 3368 1339 3456 Atticos

211 3472 312 3532 totum
333 3462 416 3529 illud
439 3462 609 3529 discrimen
633 3469 735 3527 ortum
757 3482 829 3530 osse
850 3464 937 3544 velit,
961 3483 1090 3546 prorsus
1112 3483 1164 3529 me
1186 3464 1276 3546 fugit.

297 3565 348 3627 An
377 3579 469 3642 vero,
502 3561 529 3626 si
557 3558 686 3643 quidem
716 3560 881 3627 historiam
915 3561 1026 3644 populi
1059 3562 1167 3644 graeei
1200 3569 1338 3645 spectas,
1402 3607 1406 3610 -
1449 3609 1450 3616 ι

211 3660 392 3743 antiquiore
426 3658 534 3741 aliquo
570 3664 714 3741 tempore
747 3659 845 3724 Attici
882 3667 913 3724 ct
946 3659 1042 3724 Iones
1075 3658 1210 3724 seiuncti
1242 3666 1338 3741 atque

209 3758 352 3842 separati
373 3756 546 3822 vixerunt?
575 3756 692 3821 Nonne
714 3763 839 3822 constat
860 3756 983 3822 Atticos
1004 3754 1166 3838 quondam
1188 3762 1221 3823 et
1243 3757 1338 3824 Iones

211 3875 308 3920 unam
337 3853 539 3936 eandemque
566 3862 695 3935 gentem
724 3853 837 3933 fuisse,
867 3853 1074 3919 dialectorum
1101 3859 1206 3918 autem
1229 3853 1338 3934 discri-

211 3952 300 4018 mina
321 3972 392 4019 esse
414 3957 500 4032 orta,
525 3969 596 4015 omn
619 3950 715 4016 Attici
738 3951 844 4016 coloni
866 3971 907 4018 ex
929 3950 1036 4015 Attica
1059 3950 1193 4033 digressi
1215 3951 1248 4015 in
1272 3973 1337 4018 ma·

193 4050 323 4117 'ritimis
338 4050 436 4116 Asiae
457 4049 641 4132 regionibus
663 4048 904 4114 constitissent?
931 4047 1040 4128 Quid?
1062 4049 1096 4114 in
1110 4047 1190 4132 ipsis
1206 4049 1337 4116 Homeri
