3218 4934
588 479 593 484 ,
612 411 733 466 Schcdse
749 413 950 480 grammaticae.
1284 411 1344 477 103

305 586 336 658 3)
370 587 500 666 περτί
522 589 571 650 est
592 585 782 669 pamphylia
804 585 915 650 lorrna.
960 587 1126 653 Invenitur
1148 607 1187 653 ea
1207 587 1241 652 in
1263 608 1347 654 com·

219 679 324 762 posito
348 677 560 764 περι-ἔδωκε
583 680 687 754 (Slud.
703 682 762 763 IX,
779 685 834 759 94)
853 689 885 748 et
902 685 1075 766 separatim
1090 685 1124 750 in
1146 687 1256 768 glossa
1276 684 1344 771 πέρ

220 793 276 842 σε·
305 774 394 860 πρός
423 798 478 856 σε,
509 797 603 862 quam
626 778 870 862 Siegismundus
898 787 984 846 recte
1013 781 1075 847 huo
1101 783 1200 849 trahit
1222 786 1345 866 (πέρα)

219 873 264 939 uli
287 870 377 960 ὕδωρ
401 894 442 941 ex
463 871 577 960 ddapa,
601 876 689 956 alia).

305 977 336 1044 4)
375 971 524 1056 Vulgaris
553 971 660 1057 πρός
682 974 784 1040 forma
807 999 820 1039 ι
841 974 967 1040 abiecto
991 974 1153 1042 dentalcm
1176 996 1289 1042 sonum
1311 976 1345 1042 in

220 1090 241 1133 σ
262 1070 399 1134 mutavit
421 1069 489 1148 (cir.
512 1076 577 1148 θές
601 1069 660 1148 δός
688 1093 747 1156 pro
770 1077 850 1138 θέτι
874 1070 969 1148 odda)
996 1073 1065 1155 uel,
1096 1073 1182 1156 quod
1209 1074 1346 1141 fortasse

218 1167 322 1249 magis
347 1166 547 1250 probandum
570 1176 632 1252 est,
663 1189 702 1235 ex
724 1167 858 1254 *προσι
879 1194 898 1233 τ
920 1177 996 1236 ante
1016 1170 1083 1236 iota
1104 1172 1138 1236 in
1161 1171 1345 1239 sibilantem

218 1271 340 1330 mutato
365 1272 414 1331 est
436 1272 523 1330 nats.
1191 1329 1193 1332 ,

306 1367 337 1435 5)
367 1367 466 1428 noct
488 1382 559 1428 cum
582 1363 669 1447 apud
685 1363 857 1431 Homerum
879 1371 945 1429 tum
968 1364 1002 1429 in
1018 1365 1222 1432 Doriensium
1245 1365 1345 1432 titulis

218 1460 390 1525 invenitur.
421 1462 525 1541 Atque
540 1461 636 1525 etiam
653 1460 768 1526 atticus
785 1462 897 1527 titulus
919 1468 1002 1526 noct
1024 1462 1164 1545 exhibet,
1188 1466 1250 1528 466
1266 1461 1302 1527 0.
1318 1463 1344 1527 Ι.

218 1559 300 1622 Alb:
323 1553 533 1638 „Zoccdo'gov
550 1559 631 1622 ποτὶ
647 1549 729 1644 σῆμ’
748 1551 884 1642 ἀγαθοῦ
906 1560 963 1624 καὶ
986 1556 1166 1644 σώφρονος
1188 1555 1344 1642 ἆνὸρός“,

218 1673 281 1736 qua
303 1654 336 1718 in
359 1653 462 1720 forma
476 1677 495 1717 τ
510 1661 586 1720 ante
602 1679 614 1718 ι
629 1674 704 1735 non,
728 1659 763 1718 ut
786 1656 869 1720 solet
890 1655 977 1738 apud
1001 1656 1132 1739 Atticos,
1155 1655 1189 1720 in
1206 1679 1227 1720 o
1245 1662 1345 1720 muta·

217 1757 284 1816 tum
308 1759 371 1833 est3
402 1753 457 1818 cfr.
481 1749 548 1831 ἔτι,
580 1749 682 1838 φάτις
704 1752 778 1816 alia.
822 1753 874 1818 An
897 1751 1003 1819 dicore
1032 1753 1107 1818 licet
1128 1752 1259 1819 Homeri
1281 1772 1345 1821 scr·

218 1869 345 1915 monem
367 1849 523 1914 imitando
546 1868 617 1916 esse
640 1848 850 1933 expressum?

305 1951 336 2022 6)
367 1948 436 2012 lota
451 1947 577 2013 abiecto
600 1945 681 2011 πότ
702 1947 887 2030 frequenter
900 1951 1072 2030 usurpatur
1089 1953 1165 2012 anto
1186 1947 1345 2013 vocabula

218 2044 383 2110 edentuli
404 2045 558 2111 incuntia.
595 2044 733 2127 Saepius
748 2043 791 2126 fit,
815 2051 849 2110 ut
871 2063 936 2109 una
950 2045 1099 2113 vdentalis
1121 2043 1343 2110 tantummodo
1447 2086 1450 2094 -

218 2160 276 2224 pro
299 2142 417 2225 duplici
441 2143 607 2208 scribatur.
644 2141 696 2207 Ita

306 2242 335 2312 7)
369 2238 422 2303 πό
446 2240 639 2323 conspicitur
660 2238 694 2302 in
716 2239 833 2321 glossis
856 2237 1086 2322 Hesychianis:

306 2352 405 2413 noct·
427 2347 515 2432 πρὸς
537 2353 580 2413 τί.
613 2349 759 2413 Musurus
782 2346 903 2414 delevit
918 2352 960 2413 τί.
998 2351 1040 2414 At
1055 2356 1140 2414 certe
1155 2347 1235 2413 nihil
1252 2347 1346 2413 corri-

220 2444 379 2527 gendum,
412 2445 549 2511 fortasse
579 2443 625 2508 πὸ
660 2447 693 2508 τί
725 2451 858 2510 accentu
891 2445 1016 2510 adiecto
1050 2445 1252 2511 scribendum
1287 2453 1344 2512 est.

221 2540 398 2606 Schmidtio
421 2541 531 2621 glossa
552 2541 622 2606 sine
643 2542 727 2605 iusta
749 2560 848 2606 causa
869 2541 1015 2606 laconica
1038 2539 1109 2608 esse
1129 2540 1266 2607 videtur.

307 2656 465 2724 πό-ὀικε·
488 2656 683 2746 πρόςριψον
706 2656 796 2737 (Ahr.
813 2658 855 2740 ΙΙ,
873 2661 947 2735 356)
971 2658 1025 2724 cfr.
1040 2679 1093 2742 ap.
1109 2658 1248 2744 Hesych.
1287 2657 1345 2724 dv-

221 2756 305 2836 dcas,
329 2754 470 2823 ἔκ-ὁικε.

220 2876 408 2944 Sexcentics
429 2875 547 2954 ποτὸν,
576 2871 684 2939 ποτὸν
714 2873 861 2951 (tortasse
884 2871 931 2937 πὸ
954 2871 1023 2950 τὸν,
1054 2871 1100 2938 πὸ
1122 2870 1195 2950 τὰν)
1224 2874 1345 2957 reperis

219 2973 253 3038 in
276 2973 537 3056 inscriptionibus
559 2971 709 3037 laconicis
735 2974 828 3048 (1511
854 2991 901 3036 vs.
925 2973 944 3035 3
973 2991 1025 3053 ap.
1049 2970 1100 3046 Β.)
1108 3017 1118 3053 ,
1147 2971 1345 3039 locrensibus

221 3071 324 3148 (Stnd.
348 3071 381 3136 II
402 3092 433 3155 p.
457 3075 529 3151 445,
553 3069 647 3134 inscr.
671 3068 777 3151 Naup.
800 3082 847 3134 vs.
872 3070 935 3151 33),
960 3068 1041 3135 aliis.

307 3173 338 3247 8)
375 3165 454 3244 πός
479 3188 536 3251 pro
558 3164 647 3249 πρός
669 3165 813 3231 Arcades
836 3171 868 3230 et
890 3165 1010 3251 Cyprii,
1033 3185 1166 3248 quorum
1189 3165 1345 3232 dialectos

221 3266 302 3330 mira
323 3264 463 3348 quadarn
485 3263 676 3345 cognatione
689 3263 774 3329 inter
788 3281 824 3328 se
839 3281 909 3329 csso
924 3262 1109 3328 coniunctas
1128 3262 1212 3328 inter
1234 3281 1345 3329 omnes

221 3367 356 3428 constat.
399 3359 490 3439 Quae
519 3360 647 3442 quidem
676 3359 779 3424 lorma
808 3379 879 3424 cum
905 3359 1229 3440 rarius'inveniatur,
1256 3360 1345 3426 locos

161 3499 166 3514 ·
222 3477 342 3540 omnes,
365 3457 399 3521 in
422 3443 536 3538 qbibus
557 3456 681 3538 legitur,
705 3457 885 3522 afferamus.
931 3457 1065 3541 Reperis
1086 3455 1120 3520 in

307 3576 437 3658 Tegeac
457 3572 672 3656 inscriptionis

221 3715 269 3762 vs.
292 3697 322 3760 9.
367 3691 401 3757 οἱ
423 3691 460 3757 δὲ
485 3692 665 3775 στραταγοὶ
688 3690 846 3772 πόσοόομ
869 3695 1012 3758 noscam.

220 3813 269 3860 vs.
293 3795 343 3857 38.
389 3787 420 3855 εἰ
447 3785 481 3854 δ’
513 3785 553 3854 ἄν
582 3812 634 3865 τις
664 3786 858 3874 ἓργωνήσας
886 3787 984 3873 ἔργον
1012 3811 1044 3852 τι
1073 3784 1343 3876 ποσκατυβλάψη

306 3885 442 3953 audibo
471 3893 538 3953 τῶν
566 3881 783 3970 ὑπαρχόντων
810 3883 917 3970 ’ἔργων
940 3883 1008 3952 εἴτε
1033 3883 1124 3972 ἱερὸν
1147 3882 1216 3951 εἴτε
1240 3883 1345 3969 δαμό-

308 4008 383 4052 otor
406 3984 474 4052 εἴτε
496 3983 586 4051 ἰ’ὁιον
608 3980 679 4066 πὰρ
701 3980 762 4048 τάν
785 3981 979 4084 σύγγραφον
994 3987 1055 4058 τᾶς
1077 3979 1234 4063 troanno,
1256 3979 1345 4050 cirro-
