3208 4928
314 444 376 508 282
814 451 950 505 Schrader

314 620 460 688 omnibus
475 622 507 686 iu
523 622 651 688 casibus
665 621 814 702 retinent,
831 620 954 708 σωτήρ,
971 629 1123 709 σωτῆρος
1139 630 1216 707 010.;
1238 622 1350 690 ecdem
1368 644 1452 706 per·

312 718 416 784 tinent
430 720 561 784 uomina
575 721 618 785 ab
633 720 698 785 illis
710 720 872 787 derivata:
888 741 916 787 e.
929 740 959 804 g.
972 725 1132 806 σωτηρία,
1146 719 1365 807 δικαστήριον
1378 731 1448 788 etc.

397 816 492 895 Quod
512 817 617 883 fontes
630 818 754 899 attinet,
776 818 909 885 nomina
922 818 957 882 in
977 843 1046 904 -ην,
1068 843 1151 904 -μην
1173 819 1277 901 magis
1297 819 1447 884 inlibris

312 934 408 996 quam
433 915 468 979 in
488 914 590 979 titulis
612 915 763 997 leguntur
791 935 819 982 e.
841 936 872 998 g.
901 913 1029 1003 ποιμήν
1052 917 1155 981 Alcm.
1177 919 1218 979 25
1248 916 1287 982 cl.
1309 917 1446 982 Abrens

312 1011 345 1075 Il
360 1014 437 1092 1453
460 1010 579 1078 deiude
593 1034 652 1098 -ης
666 1012 699 1076 in
714 1012 816 1078 titulis
830 1014 959 1097 quidem
980 1015 1015 1079 in
1029 1012 1148 1079 nomin.
1167 1033 1274 1097 propr.
1297 1013 1445 1079 maxime

312 1109 477 1190 reperitur,
501 1114 537 1173 ut
551 1109 703 1196 -κράτης,
725 1108 864 1196 -φάνης,
886 1117 1010 1198 -γένης,
1029 1115 1176 1197 -σθένης
1198 1110 1237 1176 01.
1253 1110 1442 1178 Beermann

313 1203 355 1270 de
383 1204 460 1270 dial.
490 1206 595 1272 boeot
624 1211 675 1273 24.
702 1211 753 1272 25.
789 1208 917 1275 Ahrens
944 1210 1055 1274 1183.
1098 1209 1355 1291 Frequentantur
1383 1207 1443 1275 de·

313 1302 410 1384 nique
432 1309 464 1368 et
492 1303 526 1369 in
547 1303 648 1371 titulis
678 1312 710 1370 et
736 1304 771 1369 in
800 1305 893 1372 libris
913 1305 1046 1372 nomina
1072 1306 1107 1370 in
1133 1328 1219 1391 -τηρ
1250 1324 1279 1370 0.
1301 1325 1333 1387 g.
1358 1312 1441 1370 oret.

313 1398 452 1486 νικατήρ
474 1401 523 1466 tit.
546 1402 637 1467 Dreu.
658 1399 727 1466 153.
764 1423 902 1470 messan.
924 1401 1144 1490 ἅλειπτήριον
1166 1403 1232 1472 tab.
1254 1402 1339 1468 And.
1363 1408 1441 1468 110.

311 1498 388 1563 locr.
417 1497 622 1584 ὁικαστῆρας
655 1500 732 1584 hyp.
761 1521 792 1566 v.
816 1503 845 1566 8.
882 1521 970 1586 cypr.
1001 1499 1156 1586 djorripur
1188 1501 1237 1565 ld.
1265 1504 1294 1566 3.
1327 1499 1440 1565 boeot.

312 1595 425 1681 πατήρ
449 1598 547 1678 (Keil,
569 1597 701 1666 Nachtr.
722 1620 749 1663 a.
771 1598 846 1682 syll.
870 1602 921 1672 301
945 1606 1004 1664 ete

398 1695 472 1761 Una
493 1697 565 1762 elea
586 1696 743 1762 dialectus
765 1694 816 1762 Ol.
838 1717 912 1762 nov.
935 1699 1002 1761 ab
1024 1685 1134 1780 πατάρ
1159 1696 1298 1788 exbibet

395 1794 465 1858 Iam
498 1812 575 1859 vero
607 1795 711 1860 omnis
743 1793 887 1878 quaestio
925 1793 959 1858 in
992 1812 1031 1859 eo
1067 1793 1173 1877 posita
1204 1799 1268 1873 est,
1308 1790 1435 1878 πατήρ,

312 1888 450 1977 ποιμήν,
474 1886 619 1976 εὐγενής,
649 1890 763 1974 quibus
792 1892 853 1956 hac
877 1897 946 1956 tota
966 1890 1000 1955 in
1022 1910 1058 1958 re
1079 1889 1237 1973 exemplis
1258 1889 1305 1956 uti
1327 1889 1437 1969 liceat,

311 2008 451 2070 quanam
483 2007 525 2052 ex
557 1989 687 2070 prima
713 1988 816 2053 lorma
844 1994 941 2053 enata
969 1988 1042 2054 sint.
1072 2021 1114 2035 —
1142 1989 1211 2070 Ego
1242 1993 1367 2068 autem,
1402 1986 1439 2050 ni

311 2085 421 2166 fallor,
448 2083 529 2148 duas
556 2084 617 2150 huc
645 2084 836 2150 enucleandi
863 2084 1004 2152 rationes
1031 2085 1143 2152 video:
1187 2085 1251 2150 illa
1272 2085 1357 2150 enim
1379 2091 1439 2149 aut

313 2181 440 2246 litterae
464 2191 483 2242 0
505 2181 682 2246 mutatione
704 2191 870 2265 expuatur,
888 2183 1028 2265 peiraco,
1050 2193 1184 2266 eupencc
1203 2188 1260 2248 aut
1273 2181 1395 2247 vocalis
1418 2206 1436 2246 ε

311 2277 521 2362 productione
542 2298 583 2344 ex
602 2288 728 2363 patere,
756 2281 913 2362 potorem,
939 2301 1087 2363 anparere
1107 2286 1178 2345 orta
1198 2297 1271 2346 esse
1290 2285 1438 2363 possunt.

312 2375 415 2443 Alteri
444 2376 577 2458 rationi,
610 2376 735 2444 etiamsi
764 2377 892 2462 plurimi
922 2397 993 2443 eam
1021 2378 1159 2462 probent
1186 2386 1222 2443 ιι1
1249 2376 1437 2443 Schleicher

311 2474 553 2558 compendium³
574 2480 653 2540 511:
689 2474 769 2552 „der
788 2474 890 2540 abfall
913 2474 970 2541 des
991 2496 1007 2537 r
1029 2475 1168 2540 bewirkt
1189 2473 1435 2556 ersatndenung.

313 2570 479 2660 δυσμενής
500 2593 559 2638 aus
584 2572 795 2654 donperre-3,
821 2571 950 2659 ποιμήν
977 2592 1037 2638 aus
1059 2595 1219 2652 uesper-c
1242 2575 1334 2652 elc.“,
1365 2591 1438 2654 gra·

311 2671 462 2738 vissimae
483 2689 600 2736 causae
621 2669 786 2738 adversaii
808 2669 888 2735 mihi
912 2670 1070 2735 videntur.
1108 2671 1194 2735 Nam
1214 2669 1351 2753 primum
1376 2689 1434 2734 no·

311 2768 454 2833 tissimae
481 2768 558 2835 illae
585 2787 720 2850 graecae
748 2765 967 2852 productionis
994 2765 1211 2850 suppletoriae
1239 2766 1328 2849 leges
1350 2766 1434 2831 tales

311 2872 401 2947 suut,
431 2864 612 2931 utiliorum
634 2865 815 2931 sententiae
836 2865 974 2930 obstent.
1018 2865 1069 2930 Ex
1090 2863 1195 2946 prisco
1218 2864 1303 2929 euim
1325 2863 1434 2945 aliquo

312 2984 456 3043 narce-9
476 2962 510 3024 in
525 2961 625 3026 attica
640 2961 778 3027 dialecto
793 2959 941 3042 *πατείρ
957 2961 1008 3036 (01.
1023 2960 1174 3048 ἕῳθειρα
1190 2980 1230 3026 ex
1244 2958 1434 3044 ἐφθερ-σα,

311 3056 476 3122 aecidat.
499 3055 731 3143 d'rpdppu),'ex
752 3057 857 3140 priseo
878 3057 987 3140 aliquo
1009 3081 1169 3141 nospes-g
1190 3055 1355 3139 *ποιμείν
1376 3062 1434 3122 aut

310 3149 476 3233 *ποιμείς
491 3153 542 3229 (01.
558 3151 669 3218 desero
687 3174 729 3221 ex
743 3152 889 3237 ἐτεν-σα,
912 3155 1078 3221 aecl.·dur.
1095 3153 1205 3241 dapne,
1229 3151 1279 3230 εἷς
1295 3173 1335 3220 ex
1350 3152 1433 3235 ἑν·ς,

312 3248 379 3314 dor.
404 3241 455 3335 ἧς)
476 3249 552 3315 0ιίιὶ
574 3250 693 3317 debuit.

396 3347 470 3413 Scio
485 3350 624 3431 assequi
639 3349 751 3414 miram
765 3350 854 3416 illam
869 3351 999 3433 linguae
1020 3350 1267 3416 inconstantiam
1289 3345 1432 3435 (πατήρι

312 3441 486 3532 ἕφθειρα)Ι
498 3446 544 3512 ita
559 3447 721 3532 explicare
742 3447 903 3528 studeant,
926 3455 961 3513 ut
975 3448 1072 3513 variis
1093 3447 1291 3530 temporibus
1313 3444 1432 3509 formas

310 3545 385 3611 illas
400 3551 486 3611 ortas
501 3565 573 3612 esse
587 3546 795 3630 suspicentur.
834 3544 930 3610 Velut
945 3545 1140 3610 Beermanus
1163 3543 1217 3622 (de
1233 3543 1309 3608 dial.
1326 3542 1433 3606 boeot.

310 3663 342 3726 p.
359 3646 428 3720 27):
458 3643 543 3720 „duo
565 3644 665 3724 enim,
689 3642 806 3724 inquit,
836 3641 1053 3726 productionis
1075 3639 1290 3724 suppletoriae
1312 3658 1433 3721 genera

311 3739 540 3823 distinguenda
553 3745 637 3820 suut,
659 3739 805 3819 alterurn,
828 3740 860 3803 in
876 3758 938 3821 quo
961 3739 1024 3803 iam
1046 3745 1122 3803 ante
1143 3738 1287 3818 linguam
1309 3736 1344 3801 in
1367 3734 1437 3800 dia·

311 3838 411 3902 lectus
446 3837 624 3920 digressam
655 3836 740 3902 facto
775 3856 888 3902 omnes
921 3835 1051 3901 dialecti
1078 3834 1233 3900 vocalem.
1251 3832 1433 3915 producunt

311 3938 352 4010 (e.
374 3952 421 4015 gr.
443 3933 572 4020 πατήρ,
596 3931 761 4020 εὐγενής),
783 3934 918 3999 alterum
940 3932 1099 4000 interioris
1120 3929 1290 4013 temporis,
1313 3929 1347 3994 in
1369 3948 1434 4012 quu

311 4030 490 4116 complures
511 4032 641 4098 dialecti
662 4030 872 4114 productione
894 4030 1087 4096 abstinent.“
