3208 4928
399 530 406 543 N
471 463 649 530 Quaestiones
667 463 887 532 dialectologicae
903 481 1026 534 graecae.
1249 467 1307 529 291

272 633 406 700 Constat
428 635 513 700 enim
536 635 586 712 (cl.
604 634 730 702 Curtius
751 638 890 703 arlantss
915 641 986 713 166)
1008 639 1042 702 in
1063 657 1181 720 graeca
1201 641 1313 725 lingua
1426 697 1427 702 ,

185 731 323 815 primum
346 731 632 798 omnium·oasuum
647 739 788 800 veterem
806 736 1082 802 instrumentalem
1099 737 1313 821 obsolevisse;
1417 809 1420 815 ,

139 828 143 840 ’
185 849 261 894 nam
290 827 402 911 paucis
424 827 489 894 illis
517 830 682 898 adverbiis
703 831 737 896 in
759 856 797 918 -η
821 833 965 915 exceptis
987 827 1078 898 milla
1099 832 1134 897 in
1162 835 1312 902 universo

186 925 381 992 Graecomm
409 945 556 992 sermone
583 928 678 994 huius
708 949 801 996 casus
829 929 969 1012 vestigia
995 929 1206 1014 reperiuntur,
1241 937 1328 1018 cums

184 1023 347 1112 ablativus
374 1023 496 1105 priscus
524 1023 558 1090 in
586 1035 636 1089 -at
662 1026 827 1093 tritissima
855 1027 891 1091 in
913 1024 1139 1092 adverbiorum
1160 1027 1312 1095 termina-

184 1121 273 1186 tione
293 1120 328 1186 in
349 1144 414 1196 -ως
436 1128 604 1205 appareat,
625 1123 783 1189 locativus
805 1123 917 1208 paucis
938 1123 973 1188 in
996 1123 1143 1190 dialectis
1165 1125 1217 1206 (ci.
1238 1128 1259 1207 ξ
1281 1132 1312 1191 5.

184 1239 216 1302 p.
240 1221 316 1296 277)
343 1218 484 1283 omnium
512 1219 546 1285 in
575 1239 633 1286 usu
662 1220 790 1287 vividus
819 1221 870 1287 sit.
913 1220 1011 1288 Unde
1038 1221 1248 1306 factumest,
1277 1230 1315 1288 ut

181 1333 308 1398 paucae
328 1315 446 1382 veteris
468 1315 722 1384 instrumentalis
743 1317 899 1401 reliquiae
919 1337 1025 1401 neque
1046 1339 1104 1402 pro
1125 1321 1212 1386 veris
1233 1319 1314 1386 casi-

184 1413 244 1478 bus
265 1412 461 1478 haberentur
482 1415 644 1497 nequead
659 1417 684 1480 I.
702 1414 782 1481 decl.
805 1409 1048 1482 terminationes
1063 1415 1312 1500 applicarentur.

183 1509 288 1588 Quam
310 1510 350 1575 ob
378 1531 446 1577 rem
468 1512 502 1576 in
523 1511 603 1595 ipsis
626 1518 657 1578 et
686 1512 786 1578 titulis
816 1518 848 1578 ct
874 1512 966 1578 libris
989 1510 1098 1577 dativo
1128 1520 1312 1598 comparato

183 1607 311 1674 litterae
327 1632 346 1693 p
363 1607 445 1676 lalso
460 1629 560 1693 saepe
574 1611 641 1676 iota
654 1609 852 1693 adscriptum
867 1615 926 1690 est,
943 1607 1028 1692 quod
1042 1609 1180 1692 primum
1195 1630 1314 1694 cogno·

183 1704 269 1772 visse
290 1705 440 1774 Abrensii
465 1714 514 1774 est
535 1707 595 1773 viri
617 1706 816 1791 sagacissimi
838 1707 878 1772 cl.
900 1707 933 1772 11
954 1709 1027 1772 362.
1238 1777 1240 1784 ,

267 1803 336 1868 Iam
351 1822 427 1870 vero
442 1823 520 1871 vera
534 1804 655 1872 veteris
669 1795 921 1872 instrumentalis
936 1810 1052 1869 natura
1066 1802 1101 1867 in
1116 1802 1312 1870 oblivionem

181 1899 323 1966 abducta
352 1901 475 1968 formae
503 1902 572 1968 eius
601 1900 809 1985 duplicem
839 1901 873 1966 in
902 1899 1032 1966 modum
1056 1905 1200 1966 mutatae
1222 1907 1312 1967 sunt:

183 1997 248 2062 Aut
274 1997 360 2063 enim
383 2003 405 2063 ᾶ
429 1998 527 2066 finale
555 1993 736 2082 correptum
763 2005 819 2065 aut
847 1999 882 2065 in
911 2022 930 2084 η
960 2003 1117 2063 mutatum
1147 2003 1205 2063 est.
1248 1998 1312 2086 lllo
1372 2042 1375 2054 ·

180 2095 277 2160 modo
292 2091 371 2177 ἅμα,
387 2094 481 2176 τάχα,
504 2094 617 2182 κρύφα
633 2095 685 2175 (61.
700 2095 887 2162 Schleioher
901 2097 1022 2177 comp.³
1037 2097 1122 2177 562),
1143 2094 1206 2160 hoo
1220 2089 1311 2178 ἄλλη,

183 2188 298 2278 διπλῆ,
326 2191 469 2276 iaceam}
499 2201 597 2259 enata
624 2200 708 2260 sunt.
752 2193 804 2258 Ad
826 2219 846 2280 η
870 2200 976 2260 autem
1001 2190 1204 2258 efficiendum
1226 2198 1258 2258 et
1281 2216 1313 2258 ει

180 2287 390 2353 locativorum
412 2289 592 2355 doricorum
614 2297 650 2355 ut
672 2287 713 2370 ei,
737 2285 827 2368 ὃπεῑ,
849 2301 972 2368 roveri,
995 2287 1086 2354 τεῖδε
1109 2291 1160 2366 (61.
1183 2288 1312 2356 Ahrens

182 2384 215 2448 Π
230 2387 302 2449 361.
329 2384 455 2451 Curtius
470 2385 542 2451 Ber.
559 2386 590 2450 d.
606 2387 710 2452 sache.
726 2386 802 2452 Ges.
817 2386 898 2452 XVI
914 2388 988 2461 236)
1011 2390 1044 2450 et
1058 2383 1198 2450 studium
1213 2385 1314 2469 quod·

184 2479 258 2545 dam
287 2481 417 2564 linguae
446 2481 591 2547 dativum
614 2479 698 2570 ἄλλᾳ
727 2488 759 2548 et
780 2483 885 2564 ipsum
907 2480 1040 2546 adve'rbi
1066 2481 1137 2546 loeo
1159 2481 1312 2547 usitatum

181 2577 224 2642 ab
255 2573 339 2642 alac
370 2578 513 2662 apertius
541 2577 760 2662 distinguendi
789 2577 925 2645 alicuius
957 2577 1113 2644 momenti
1139 2575 1239 2644 fuisse
1266 2576 1312 2643 vi-

183 2674 308 2742 dentur.
351 2675 391 2740 In
420 2676 479 2742 illa
508 2682 616 2742 autem
644 2675 765 2742 veteris
792 2673 1046 2760 instrumentalis
1075 2677 1211 2740 naturae
1233 2673 1312 2739 obli-

181 2773 279 2839 vione
304 2793 419 2840 causas
442 2772 627 2839 mutationis
648 2781 727 2858 ᾶεη
752 2791 823 2839 esse
849 2770 1018 2855 ponendas
1040 2789 1081 2836 ex
1103 2789 1142 2838 eo
1164 2777 1311 2854 apparet,

183 2870 269 2953 quod
284 2869 403 2938 Acoles
418 2878 451 2938 et
465 2871 641 2938 Dorienses
661 2869 696 2936 in
717 2869 882 2936 adverbiis
897 2874 932 2933 ut
953 2863 1047 2947 ἄδᾰν,
1071 2865 1227 2953 κρύβδᾶν,
1250 2873 1311 2954 πᾷ,
1412 2945 1422 2958 x

183 2962 293 3055 ἆσυχᾷ
307 2973 377 3050 eta,
401 2988 473 3034 cum
488 2987 581 3034 casus
602 2967 666 3052 ipsi
683 2966 784 3033 vividi
807 2971 924 3048 essent,
948 2964 1224 3047 &religiosissime
1246 2983 1312 3031 ser-

181 3065 312 3130 vabant.
949 3092 951 3097 ·

266 3161 415 3243 Denique
442 3162 505 3228 huc
526 3162 631 3228 refero
653 3161 860 3245 negationem
881 3157 939 3246 μή,
968 3177 1050 3242 quae
1079 3160 1152 3226 elea
1175 3165 1312 3242 excepta
1346 3219 1348 3224 r
1380 3178 1385 3194 ¹

184 3257 235 3332 (cf.
259 3256 333 3323 61.
356 3277 403 3340 gr.
422 3262 457 3321 11
480 3247 565 3340 εμοΐ)
587 3257 735 3324 omnibus
756 3259 792 3322 in
813 3256 960 3323 dialectis
982 3277 1085 3346 ppro
1108 3262 1134 3320 ᾱ
1151 3259 1236 3334 (sort.
1250 3266 1309 3327 mo,

181 3353 275 3420 zend.
298 3357 359 3431 ma)
383 3355 523 3421 exhibet.
568 3354 644 3420 Veri
665 3355 750 3420 enim
773 3352 878 3420 simile
899 3352 977 3419 mibi
992 3353 1128 3433 videtur,
1151 3373 1223 3418 eum
1245 3352 1312 3418 alia

181 3450 303 3517 vocalis
318 3476 338 3537 η
355 3451 528 3534 explicatio
543 3471 609 3516 non
624 3456 738 3534 exstet,
755 3471 826 3517 eam
840 3449 1168 3534 frequentissimamm
1182 3449 1311 3515 illarum

181 3549 409 3632 particularum
431 3555 465 3614 ut
488 3545 587 3634 ἤ-δη,
612 3545 762 3636 ἐπει-δή,
791 3544 834 3632 δή
855 3547 965 3627 (etiam
988 3541 1010 3633 ἥ
1033 3565 1074 3612 ex
1097 3538 1148 3630 ἠέ,
1174 3545 1311 3612 fortasse

181 3647 274 3712 zend.
288 3647 388 3732 insta
400 3657 467 3720 aaa,
490 3643 589 3732 ilisa,
613 3641 663 3731 rii,
688 3642 745 3732 112)
767 3644 802 3709 in
820 3644 942 3711 vocalis
957 3644 1113 3727 qualitate
1128 3643 1311 3725 exemplum

182 3763 254 3810 esse
276 3743 428 3810 secutam.
459 3743 607 3811 (laterum
629 3763 700 3809 cum
716 3741 904 3807 Latinorum
919 3762 958 3804 ae
971 3740 1052 3806 illud
1067 3736 1113 3827 μή
1129 3738 1212 3804 nihil
1228 3757 1311 3804 com·

182 3859 279 3907 mune
300 3839 408 3909 habet.
442 3840 481 3905 cl.
505 3838 633 3906 Curtius
655 3844 769 3924 etym.4
792 3843 865 3905 334.

194 3970 196 3983 ¹
267 3939 421 4005 Similiter
434 3937 570 4004 fortasse
585 3937 626 4004 de
641 3962 700 4024 νη·
714 3943 787 4003 sort.
802 3947 852 4010 aa,
868 3957 909 3998 aa
923 3933 1130 4000 iudicandum
1145 3938 1203 4014 est,
1225 3931 1311 4015 quod

183 4035 216 4098 in
238 4035 461 4102 aeolo-doricis
484 4053 609 4118 quoque
631 4034 777 4101 dialectis
793 4059 813 4120 η
831 4031 1014 4100 exhibuisse
1035 4029 1171 4112 videtur,
1194 4029 1222 4094 si
1244 4029 1312 4111 qui·

1055 4131 1108 4183 19*
