3208 4928
306 465 368 526 eoo
635 435 637 439 ’
803 472 936 526 senten

306 664 401 726 quarn
423 644 578 711 rationem
600 643 662 709 bae
683 645 716 708 in
739 664 774 710 re
796 652 923 712 seeutuo
944 646 994 727 sit,
1017 645 1136 712 neseio.
1180 644 1277 713 Velut
1299 647 1442 714 Pindari
1470 641 1476 648 ’

305 741 385 808 illud
399 747 551 827 ποναθῇ,
574 739 813 823 πεποναμένον
832 740 961 820 (πονάω
977 743 1074 826 igitur
1087 764 1145 826 pro
1160 741 1275 809 πονέω
1289 769 1296 809 :
1308 743 1439 824 πόνος)

305 839 421 923 probat
450 846 482 906 et
510 837 638 920 laudet,
671 845 782 904 eontra
809 837 1106 917 ἀπονοσνάοαντες
1134 838 1277 907 eiusdem
1312 850 1438 926 poetae

305 934 450 1014 (νοσνάω
473 957 532 1020 pro
549 933 677 1018 νοσνέω
694 959 701 1001 :
717 934 850 1014 νόστος)
872 938 1018 1020 quamvis
1040 938 1188 1004 omnibus
1210 939 1243 1003 in
1266 939 1436 1008 codicibus

305 1031 637 1122 (611666161νόσκησ’
662 1035 702 1099 N.
725 1035 775 1100 XI
798 1037 851 1111 26)
881 1038 981 1119 6616
1004 1061 1023 1122 η
1050 1035 1176 1118 legatur
1197 1036 1236 1102 ef.
1260 1037 1363 1103 Peter.
1389 1039 1434 1105 de

305 1130 382 1196 dial.
406 1131 510 1214 Pind,
539 1132 622 1198 inter
643 1132 873 1218 hyperdorioos
903 1134 1021 1200 formas
1042 1132 1243 1200 referendum
1267 1154 1340 1202 esse
1362 1137 1431 1202 exi-

304 1228 421 1294 stimat.
455 1227 562 1308 Quare
576 1230 608 1295 in
631 1231 815 1296 universum
836 1230 898 1296 666
913 1230 1099 1311 monuerim,
1122 1229 1334 1298 diffidendum
1357 1253 1432 1301 esee

303 1324 423 1391 nimiae
444 1326 491 1391 illi
513 1327 652 1394 Abrensi
674 1329 853 1410 severitati,
876 1347 1011 1411 quaeum
1032 1328 1066 1395 in
1089 1328 1206 1394 multas
1228 1335 1260 1394 et
1282 1330 1430 1396 Aeolidis

303 1430 336 1490 et
348 1423 476 1490 Doridis
491 1425 610 1494 formes
625 1433 646 1490 ᾶ
660 1448 718 1510 pro
733 1451 753 1514 η
771 1426 959 1492 exhibentes
974 1445 1162 1509 progressus
1177 1433 1234 1493 est.
1258 1426 1430 1507 (61111116.)

382 1518 605 1606 Ἀγασίδαμος
626 1532 732 1591 autem
755 1523 836 1588 illud
865 1523 1043 1589 11146161.
1069 1525 1150 1588 1798
1180 1524 1285 1606 potius
1307 1534 1362 1590 eut
1384 1525 1428 1589 ab

303 1614 430 1704 ἄγομαι
458 1621 510 1701 (61.
526 1617 734 1706 Ἀγασικλῆς)
763 1621 945 1688 derivamus
967 1627 1023 1688 aut
1044 1622 1148 1704 ipsum
1171 1617 1319 1704 ἆγάομαι
1349 1627 1428 1700 (πο-

303 1714 372 1781 νάω
390 1738 397 1780 :
413 1715 537 1796 πάνυ-ς
552 1749 595 1772 =
610 1715 759 1804 ἆνάομαι
776 1741 783 1784 :
801 1715 1016 1802 στραταγέ-ς)
1046 1718 1080 1784 in
1103 1718 1224 1785 Dor-ide
1254 1719 1350 1788 fnisse
1374 1741 1427 1786 su-

303 1817 432 1896 mimus,
462 1817 547 1899 quod
578 1823 613 1882 ut
639 1817 916 1902 hyperdorismur'n
939 1816 973 1880 in
1000 1816 1092 1901 titulo
1122 1817 1179 1882 illo
1202 1837 1426 1900 agnoseumus.

302 1916 449 1997 Denique
471 1916 533 1981 buo
554 1915 657 1981 refero
681 1914 744 1980 duo
767 1915 874 1996 verba,
898 1932 980 1997 quae
995 1913 1143 1997 eundem,
1166 1934 1260 1997 quem
1276 1914 1426 1998 diximus,

303 2012 463 2095 duplieem
486 2015 595 2095 stirpis
617 2014 736 2079 exitum
759 2013 793 2077 in
815 2011 888 2094 ipsa
909 2011 1018 2077 radiee
1040 2012 1209 2078 exhibent:

379 2151 409 2223 1)
431 2146 500 2212 rad.
516 2169 596 2210 κτα·
611 2145 780 2228 (κκάομαι)
801 2138 956 2230 ’ένκνασις
979 2166 1059 2212 eure.
1083 2150 1173 2228 1841,
1190 2151 1240 2211 42.
1256 2153 1307 2211 44.
1334 2140 1425 2213 Ἐπί-

430 2266 552 2320 κνατος
562 2244 655 2326 phou.
672 2247 722 2308 76.
737 2244 827 2309 Ross.
840 2279 883 2288 -
893 2243 1048 2316 radente·
1061 2242 1223 2324 (κνέανον,
1236 2243 1337 2329 κτέαρ
1351 2251 1424 2324 616.)

430 2347 556 2425 κτῆσις,
581 2347 691 2428 κτῆμα
712 2334 793 2408 1666.
816 2345 909 2406 2166.
933 2347 1071 2407 6611141.
1094 2341 1200 2407 061166
1221 2342 1288 2407 XII
1310 2346 1347 2406 A.
1371 2347 1423 2407 22.

430 2437 510 2503 VIII
531 2443 561 2502 2.
590 2446 619 2503 4.
650 2445 678 2506 6.
709 2440 814 2505 66661.
837 2443 1000 2514 Κκειοίας
1029 2437 1103 2503 Keil
1132 2440 1265 2505 Naebtr.
1294 2461 1325 2524 p.
1350 2444 1422 2511 631.

429 2535 584 2623 ’ένκκησις
611 2537 652 2603 61.
676 2535 724 2602 Ol.
748 2539 895 2601 1161124.
925 2536 965 2600 61.
987 2535 1064 2602 Ahr.
1087 2537 1103 2602 I
1128 2543 1198 2602 131.
1228 2572 1270 2582 -
1298 2535 1424 2624 κτησά-

427 2659 523 2716 μενοι
545 2635 638 2700 Pind.
661 2635 702 2699 N.
724 2633 773 2698 IX
796 2637 836 2696 22
859 2641 917 2699 616.

374 2736 406 2810 2)
429 2733 498 2798 rad.
525 2739 587 2814 βα·
620 2731 786 2815 (dedideris
802 2727 945 2814 βά-ινω,
974 2729 1165 2816 Ἰβέ-βα-ιος)
1198 2727 1423 2818 ἇνδροβάμων

303 2839 305 2845 “
427 2837 504 2897 eret.
527 2834 621 2896 2671).
644 2835 673 2893 4.
697 2829 919 2912 ἐμβεβακυῐαι
942 2847 1036 2894 mess.
1059 2827 1202 2893 6111121.
1226 2829 1421 2914 -βέβακα

427 2929 561 2993 Tbeoer.
574 2925 670 2992 XVII
682 2931 733 2991 64.
749 2962 791 2972 -
801 2923 869 2990 rad.
882 2929 941 3008 βε-
953 2932 1040 3003 (6161.
1052 2922 1157 3010 ἒμβέῃ
1171 2924 1204 2991 O.
1217 2926 1242 2991 I.
1254 2947 1301 3009 gr.
1314 2931 1419 3004 2554).

426 3029 586 3106 βουβῆτις
607 3025 726 3090 herael.
749 3023 782 3086 II
807 3025 854 3086 13.
890 3021 928 3086 ef.
952 3020 1078 3088 Curtius
1100 3027 1215 3106 etym.4
1236 3028 1308 3089 465.

384 3159 434 3223 De
468 3155 624 3243 ’ἑνκτηοις
651 3155 809 3222 interdum
842 3156 981 3221 dubitari
1009 3157 1096 3238 lieet,
1132 3177 1208 3222 num
1236 3159 1278 3224 ab
1307 3161 1420 3226 Altieis

297 3257 338 3322 sit
358 3256 537 3340 repetitum,
561 3275 631 3320 eum
646 3275 724 3321 vera
738 3255 944 3320 Aeolensium
966 3253 1245 3336 16111166μπαοις,
1269 3254 1419 3334 ἐ’ππαοις

298 3355 407 3439 166111;
430 3353 583 3436 16111166
598 3356 683 3432 (sert.
698 3358 796 3435 οο-νκ)
819 3352 850 3416 iu
866 3352 975 3419 multis
990 3346 1140 3436 Europae
1161 3353 1280 3436 linguis
1295 3373 1313 3417 e
1327 3375 1384 3438 pro
1400 3377 1418 3418 ο

298 3454 437 3521 exbibet.
460 3452 498 3517 ef.
516 3453 571 3522 lat.
587 3452 686 3523 venio,
703 3450 804 3514 umbr.
820 3449 952 3524 den-ost,
968 3456 1032 3534 got.
1048 3450 1162 3535 qiman,
1185 3450 1262 3515 ahd.
1277 3459 1419 3536 quemue.

297 3549 491 3617 Addendum
520 3556 568 3615 est
597 3548 737 3613 derisum
766 3549 843 3612 dds.
885 3547 978 3614 Pind.
1008 3544 1140 3632 θνητός
1169 3567 1258 3631 saep.
1286 3545 1417 3633 θάημα.

297 3649 432 3734 Theoer.
455 3647 494 3712 61.
516 3646 593 3711 Ahr.
617 3646 650 3710 II
674 3647 745 3710 342.
777 3649 835 3710 att.
858 3649 936 3725 deu,
959 3649 1172 3726 6661161616.

810 3832 829 3911 ξ
855 3834 917 3902 13.

382 3966 519 4032 Deinde*
540 3966 655 4031 intime
686 3963 888 4049 eognutIoue'
907 3985 978 4031 eum
1006 3965 1219 4032 verborum
1253 3971 1418 4031 eontra·

296 4073 448 4132 elerum
482 4062 662 4130 flexione
696 4063 855 4130 adiectim
887 4063 920 4128 in
952 4056 1067 4149 -oeog‘,
1104 4062 1201 4150 -ηλος
1233 4063 1416 4146 cohaerent,
