3226 4948
306 435 368 494 400
548 453 550 458 ·
669 473 672 480 -
829 441 906 510 Ruge

304 612 499 774 oiaguolumr
523 632 606 696 quae
621 613 755 682 Brealus
770 615 811 683 de
833 617 894 681 hoo
915 616 987 682 loeo
1003 615 1138 701 disserit,
1161 638 1203 685 ne
1220 619 1287 684 veri
1310 619 1432 688 similia

304 710 358 795 qui
382 729 431 777 em
454 715 539 776 sunt.

381 814 410 892 l)
434 823 507 883 eetu
522 816 583 882 eho
598 834 655 881 esu
671 815 770 899 poplu
790 816 847 893 (ito
863 835 904 881 ex
919 815 980 881 hoo
993 816 1137 900 populo).
1159 817 1225 883 tab.
1242 818 1314 884 Vll.
1330 839 1359 884 a.
1377 825 1429 886 45.

389 936 580 1018 Plerumque
601 941 706 1000 antem
740 933 987 1018 praepositionis
1015 937 1086 1001 looo
1114 935 1195 1001 illud
1224 936 1372 1003 suffixum
1395 949 1430 1003 tu

304 1039 361 1112 (to)
382 1033 417 1098 iu
439 1053 498 1098 usu
521 1038 585 1115 est,
615 1051 749 1115 quooum
772 1032 907 1098 latinum
930 1043 981 1096 tus
1003 1033 1173 1113 (devastes)
1197 1036 1364 1121 cohaeret3
1394 1045 1429 1100 tu

302 1130 445 1197 ablativo
467 1129 639 1213 suffigitur:

431 1243 550 1307 akrutu
572 1247 626 1316 (ex
647 1244 748 1324 agro).
782 1240 820 1304 V.
842 1260 872 1306 a.
895 1244 925 1306 e.

429 1339 489 1405 dur
512 1338 626 1406 tetruto
648 1345 769 1404 tasetur
796 1337 1046 1420 persnihimumo
1078 1337 1154 1417 (duo
1176 1357 1316 1423 arrogo
1338 1340 1428 1408 taeiti

300 1445 477 1523 preoautor,
503 1437 643 1513 Bueoh.).
673 1435 744 1501 VII.
767 1455 797 1500 a.
820 1440 872 1502 46.

425 1535 560 1618 angluto
589 1532 753 1600 hondomu
781 1533 931 1615 auglome
961 1553 1050 1599 sorno
1078 1533 1131 1612 (ab
1154 1533 1273 1616 angulo
1295 1536 1360 1603 imo
1382 1538 1427 1604 ad

299 1636 452 1718 angulum
474 1637 655 1709 summum).
688 1631 754 1696 tab.
778 1630 832 1695 VI.
855 1651 884 1695 a.
909 1633 938 1694 9.

386 1757 419 1831 2)
454 1753 613 1834 Lingua
635 1769 739 1816 osea.

385 1858 416 1926 a)
453 1850 623 1916 Ablativus
655 1868 754 1931 purus
787 1867 886 1930 saepe
922 1847 955 1913 in
988 1848 1127 1914 nummis
1162 1849 1288 1932 legitur,
1326 1869 1425 1932 quare

300 1953 515 2016 Mommsenus
536 1948 588 2023 (U.
610 1947 634 2010 1.
657 1947 710 2023 D.)
732 1945 808 2010 hino
829 1965 920 2010 usum
944 1947 977 2009 iu
999 1945 1143 2028 linguam
1165 1946 1301 2011 latinam
1323 1954 1426 2014 trans·

299 2048 374 2111 iisse
388 2045 522 2128 putavit.
554 2042 772 2113 Akudunniad‚
800 2042 931 2114 Tiuuud,
956 2039 1125 2106 Sz'dr'leinud
1144 2045 1211 2123 (lat.
1227 2044 1422 2118 Beaoentod,

299 2141 470 2217 Ladiooael).
507 2141 568 2205 Hie
581 2141 693 2205 titulus
708 2140 778 2205 sine
794 2139 891 2204 dubio
906 2137 1081 2222 signifieat:
1104 2162 1252 2208 nummus
1267 2143 1321 2224 qui
1336 2142 1424 2208 venit

299 2241 494 2306 Benevento.

370 2338 463 2403 Aliae
476 2355 601 2418 quoque
611 2336 645 2400 in
655 2334 792 2400 nummis
801 2335 1025 2418 inscriptiones
1036 2341 1123 2417 suut;
1135 2335 1307 2402 locativus:
1321 2335 1423 2399 Fren-

298 2434 358 2500 trel
374 2440 472 2513 (oso).
494 2471 536 2482 -
551 2433 691 2498 Lodinei
700 2427 796 2511 liat).
812 2469 852 2478 -
868 2434 951 2498 Tum
966 2432 1180 2499 nominativus
1197 2441 1228 2499 ot
1242 2434 1421 2516 genetivus.

424 2555 554 2622 eisuoen
583 2551 709 2617 zioulud
734 2570 900 2616 oomonom
929 2552 961 2615 ni
991 2550 1082 2635 hipid
1110 2552 1164 2630 (ab
1190 2551 1247 2617 illo
1269 2553 1346 2619 inde
1368 2552 1422 2619 die

297 2653 425 2719 eomitia
446 2673 488 2719 ne
510 2652 678 2727 habuerit).
712 2650 779 2714 tab.
802 2649 930 2714 Bentin.
956 2654 1003 2714 17.

424 2751 512 2815 viass
535 2797 567 2814 ..
590 2747 718 2818 imaden
740 2767 881 2830 uupseus
903 2747 985 2823 (vias
1006 2746 1048 2811 ab
1070 2747 1135 2811 ima
1157 2745 1233 2812 inde
1256 2746 1421 2826 feeeruut).

296 2849 339 2931 X,
366 2854 404 2913 10
427 2847 508 2912 und.

381 2948 579 3031 Praepositio
594 2947 688 3012 huius
702 2946 831 3027 generis
845 2944 988 3009 ablativo
1005 2962 1171 3024 nusquam,
1192 2941 1277 3024 quod
1292 2944 1420 3029 seimus,

296 3046 409 3111 addita
430 3052 488 3110 est.

598 3149 763 3206 Terrarum
785 3149 967 3217 urbiumque
987 3147 1119 3204 uomina.

381 3256 514 3324 Urbium
529 3255 662 3322 nomina
677 3255 792 3340 partim
807 3254 878 3320 sola
898 3253 1016 3337 partim
1032 3272 1103 3319 oum
1126 3252 1417 3337 praepositionibus

296 3356 466 3422 ooniunota
490 3361 666 3439 ponuntur3
696 3375 736 3421 ea
756 3360 863 3420 autem
884 3352 1013 3436 regula,
1037 3371 1120 3434 quae
1142 3351 1317 3436 posteriore
1338 3356 1417 3417 tom·

295 3474 373 3538 pore
399 3453 569 3536 iuvenitur,
598 3474 662 3519 uon
693 3459 815 3532 exstet,
848 3451 925 3532 quin
953 3450 1050 3516 etiam
1080 3449 1112 3513 in
1141 3449 1271 3515 Terenti
1300 3446 1418 3514 fabulis

295 3571 422 3636 semper
443 3551 696 3636 praepositiones
717 3551 883 3632 leguntur;
906 3555 1014 3614 tamen
1029 3553 1185 3613 terrarum
1200 3545 1332 3612 uomina
1352 3545 1417 3610 iam

295 3657 361 3715 tum
384 3669 486 3732 aeque
508 3648 714 3731 assequenti
737 3653 881 3730 tempore
903 3651 1017 3730 ooopta
1039 3649 1114 3710 sunt
1136 3640 1274 3709 tractari.

323 3755 325 3760 ’
379 3751 406 3815 Ι.
450 3752 663 3818 Terrarum
690 3750 860 3815 nomina

358 3850 411 3924 a)
436 3852 467 3926 1)
488 3847 615 3914 Aetolia
637 3846 731 3931 oepit.
756 3845 789 3911 0.
805 3846 831 3910 Ι.
847 3847 873 3928 Ι,
891 3847 963 3926 534,
986 3844 1007 3909 i.
1024 3862 1051 3910 e.
1074 3841 1229 3927 praedam
1246 3843 1323 3909 inde
1344 3842 1417 3908 abs·

295 3944 377 4107 tupit,
400 3942 441 4107 dele
456 3964 519 4027 qua
537 3965 572 4012 re
587 3946 696 4011 Livius
718 3947 783 4028 (24,
799 3946 856 4027 393
879 3943 918 4010 el.
934 3945 1150 4009 Mommsonus
1169 3960 1251 4023 quae
1273 3940 1417 4025 disputet

294 4042 314 4107 i.
345 4048 404 4118 .t.)
440 4042 573 4125 oquitur.
864 4053 870 4062 ·
