<?xml version="1.0" encoding="UTF-8"?>
<!DOCTYPE html PUBLIC "-//W3C//DTD XHTML 1.0 Transitional//EN"
    "http://www.w3.org/TR/xhtml1/DTD/xhtml1-transitional.dtd">
<html xmlns="http://www.w3.org/1999/xhtml" xml:lang="en" lang="en">
 <head>
  <title>
</title>
<meta http-equiv="Content-Type" content="text/html;charset=utf-8" />
  <meta name='ocr-system' content='tesseract 3.04.00' />
  <meta name='ocr-capabilities' content='ocr_page ocr_carea ocr_par ocr_line ocrx_word'/>
</head>
<body>
  <div class='ocr_page' id='page_1' title='image "./studienzurgriec05curtgoog_0402.png"; bbox 0 0 3226 4948; ppageno 0'>
   <div class='ocr_carea' id='block_1_1' title="bbox 307 451 1338 532">
    <p class='ocr_par' dir='ltr' id='par_1_1' title="bbox 307 451 1338 532">
     <span class='ocr_line' id='line_1_1' title="bbox 307 451 1338 532; baseline 0.014 -17"><span class='ocrx_word' id='word_1_1' title='bbox 307 461 350 516; x_wconf 91' lang='lat' dir='ltr'>De</span> <span class='ocrx_word' id='word_1_2' title='bbox 368 461 479 515; x_wconf 80' lang='lat' dir='ltr'>ablativi</span> <span class='ocrx_word' id='word_1_3' title='bbox 496 463 525 517; x_wconf 91' lang='lat' dir='ltr'>in</span> <span class='ocrx_word' id='word_1_4' title='bbox 543 461 678 516; x_wconf 84' lang='lat' dir='ltr'>veteribus</span> <span class='ocrx_word' id='word_1_5' title='bbox 698 462 797 532; x_wconf 80' lang='lat' dir='ltr'>linguis</span> <span class='ocrx_word' id='word_1_6' title='bbox 814 451 912 519; x_wconf 83' lang='lat' dir='ltr'>italicis</span> <span class='ocrx_word' id='word_1_7' title='bbox 930 464 1018 519; x_wconf 84' lang='lat' dir='ltr'>forme</span> <span class='ocrx_word' id='word_1_8' title='bbox 1036 470 1063 520; x_wconf 88' lang='lat' dir='ltr'>et</span> <span class='ocrx_word' id='word_1_9' title='bbox 1080 482 1133 521; x_wconf 91' lang='lat' dir='ltr'>usu</span> <span class='ocrx_word' id='word_1_10' title='bbox 1150 469 1238 522; x_wconf 84' lang='lat' dir='ltr'>locali.</span> <span class='ocrx_word' id='word_1_11' title='bbox 1276 465 1338 528; x_wconf 82' lang='lat'>389</span> 
     </span>
    </p>
   </div>
   <div class='ocr_carea' id='block_1_2' title="bbox 212 633 1339 820">
    <p class='ocr_par' dir='ltr' id='par_1_2' title="bbox 212 633 1339 820">
     <span class='ocr_line' id='line_1_2' title="bbox 299 633 1339 722; baseline 0.007 -23"><span class='ocrx_word' id='word_1_12' title='bbox 299 633 487 700; x_wconf 76' lang='lat' dir='ltr'>Rectissime</span> <span class='ocrx_word' id='word_1_13' title='bbox 515 639 623 699; x_wconf 90' lang='lat' dir='ltr'>autem</span> <span class='ocrx_word' id='word_1_14' title='bbox 649 633 715 700; x_wconf 87' lang='lat' dir='ltr'>iam</span> <span class='ocrx_word' id='word_1_15' title='bbox 743 635 989 702; x_wconf 86' lang='lat' dir='ltr'>aSehleiohero</span> <span class='ocrx_word' id='word_1_16' title='bbox 1018 634 1143 721; x_wconf 80' lang='lat' dir='ltr'>(Gomp.</span> <span class='ocrx_word' id='word_1_17' title='bbox 1167 659 1240 722; x_wconf 85' lang='lat' dir='ltr'>pag.</span> <span class='ocrx_word' id='word_1_18' title='bbox 1265 645 1339 719; x_wconf 81' lang='lat'>570)</span> 
     </span>
     <span class='ocr_line' id='line_1_3' title="bbox 212 732 1338 820; baseline 0.004 -20"><span class='ocrx_word' id='word_1_19' title='bbox 212 734 359 816; x_wconf 80' lang='lat' dir='ltr'><strong>stirpium</strong></span> <span class='ocrx_word' id='word_1_20' title='bbox 382 732 572 798; x_wconf 79' lang='lat' dir='ltr'>consonanti</span> <span class='ocrx_word' id='word_1_21' title='bbox 593 732 833 799; x_wconf 86' lang='lat' dir='ltr'>terminatarum</span> <span class='ocrx_word' id='word_1_22' title='bbox 849 733 954 801; x_wconf 88' lang='lat' dir='ltr'>suffixi</span> <span class='ocrx_word' id='word_1_23' title='bbox 975 734 1078 800; x_wconf 80' lang='lat' dir='ltr'>torma</span> <span class='ocrx_word' id='word_1_24' title='bbox 1099 737 1265 804; x_wconf 88' lang='lat' dir='ltr'>intellecta</span> <span class='ocrx_word' id='word_1_25' title='bbox 1280 747 1338 820; x_wconf 89' lang='lat' dir='ltr'>est,</span> 
     </span>
    </p>
   </div>
   <div class='ocr_carea' id='block_1_3' title="bbox 213 825 1459 916">
    <p class='ocr_par' dir='ltr' id='par_1_3' title="bbox 213 825 1459 916">
     <span class='ocr_line' id='line_1_4' title="bbox 213 825 1459 916; baseline 0.004 -21"><span class='ocrx_word' id='word_1_26' title='bbox 213 831 267 914; x_wconf 90' lang='lat' dir='ltr'>qui</span> <span class='ocrx_word' id='word_1_27' title='bbox 283 829 419 913; x_wconf 72' lang='lat' dir='ltr'>stutrus</span> <span class='ocrx_word' id='word_1_28' title='bbox 441 849 481 893; x_wconf 91' lang='lat' dir='ltr'>ex</span> <span class='ocrx_word' id='word_1_29' title='bbox 503 825 686 912; x_wconf 68' lang='lat' dir='ltr'>*fratr-fos</span> <span class='ocrx_word' id='word_1_30' title='bbox 708 838 810 896; x_wconf 86' lang='lat' dir='ltr'>ortum</span> <span class='ocrx_word' id='word_1_31' title='bbox 834 851 905 898; x_wconf 90' lang='lat' dir='ltr'>esse</span> <span class='ocrx_word' id='word_1_32' title='bbox 921 831 1007 898; x_wconf 85' lang='lat' dir='ltr'>dicit.</span> <span class='ocrx_word' id='word_1_33' title='bbox 1037 834 1126 916; x_wconf 83' lang='lat' dir='ltr'>Lege</span> <span class='ocrx_word' id='word_1_34' title='bbox 1148 834 1233 900; x_wconf 92' lang='lat' dir='ltr'>enim</span> <span class='ocrx_word' id='word_1_35' title='bbox 1257 856 1341 900; x_wconf 92' lang='lat' dir='ltr'>com·</span> <span class='ocrx_word' id='word_1_36' title='bbox 1454 857 1459 865; x_wconf 93' lang='lat'>·</span> 
     </span>
    </p>
   </div>
   <div class='ocr_carea' id='block_1_4' title="bbox 126 925 1344 2668">
    <p class='ocr_par' dir='ltr' id='par_1_4' title="bbox 209 925 1342 1989">
     <span class='ocr_line' id='line_1_5' title="bbox 213 925 1340 1015; baseline 0.001 -22"><span class='ocrx_word' id='word_1_37' title='bbox 213 930 311 1008; x_wconf 89' lang='lat' dir='ltr'>muni,</span> <span class='ocrx_word' id='word_1_38' title='bbox 329 948 391 1010; x_wconf 85' lang='lat' dir='ltr'>qua</span> <span class='ocrx_word' id='word_1_39' title='bbox 405 925 517 1009; x_wconf 82' lang='lat' dir='ltr'>lingua</span> <span class='ocrx_word' id='word_1_40' title='bbox 532 927 676 993; x_wconf 85' lang='lat' dir='ltr'>umbrica</span> <span class='ocrx_word' id='word_1_41' title='bbox 690 929 798 1011; x_wconf 88' lang='lat' dir='ltr'>utitur,</span> <span class='ocrx_word' id='word_1_42' title='bbox 813 929 935 995; x_wconf 86' lang='lat' dir='ltr'>formae</span> <span class='ocrx_word' id='word_1_43' title='bbox 950 927 1120 1013; x_wconf 71' lang='lat' dir='ltr'>*fratrsos</span> <span class='ocrx_word' id='word_1_44' title='bbox 1135 969 1176 978; x_wconf 85' lang='lat'><em>-</em></span> <span class='ocrx_word' id='word_1_45' title='bbox 1191 930 1340 1015; x_wconf 55' lang='grc' dir='ltr'>*βεινγ-ε</span> 
     </span>
     <span class='ocr_line' id='line_1_6' title="bbox 211 1022 1340 1112; baseline 0.005 -25"><span class='ocrx_word' id='word_1_46' title='bbox 211 1062 254 1074; x_wconf 92' lang='grc'>-</span> <span class='ocrx_word' id='word_1_47' title='bbox 269 1025 418 1108; x_wconf 75' lang='lat' dir='ltr'>*fratros</span> <span class='ocrx_word' id='word_1_48' title='bbox 431 1059 474 1070; x_wconf 92' lang='lat'>-</span> <span class='ocrx_word' id='word_1_49' title='bbox 495 1022 635 1107; x_wconf 65' lang='lat' dir='ltr'>*fratrs</span> <span class='ocrx_word' id='word_1_50' title='bbox 658 1027 713 1091; x_wconf 89' lang='lat' dir='ltr'>ubi</span> <span class='ocrx_word' id='word_1_51' title='bbox 735 1032 801 1092; x_wconf 85' lang='lat' dir='ltr'>tum</span> <span class='ocrx_word' id='word_1_52' title='bbox 824 1027 945 1094; x_wconf 83' lang='lat' dir='ltr'>vocalis</span> <span class='ocrx_word' id='word_1_53' title='bbox 961 1050 981 1090; x_wconf 82' lang='lat' dir='ltr'>u</span> <span class='ocrx_word' id='word_1_54' title='bbox 995 1028 1076 1096; x_wconf 88' lang='lat' dir='ltr'>fusci</span> <span class='ocrx_word' id='word_1_55' title='bbox 1098 1029 1214 1096; x_wconf 78' lang='lat' dir='ltr'>coloiis</span> <span class='ocrx_word' id='word_1_56' title='bbox 1227 1028 1261 1112; x_wconf 86' lang='lat' dir='ltr'><strong><em>s</em></strong></span> <span class='ocrx_word' id='word_1_57' title='bbox 1275 1038 1340 1096; x_wconf 80' lang='lat' dir='ltr'>etr</span> 
     </span>
     <span class='ocr_line' id='line_1_7' title="bbox 213 1123 1341 1212; baseline 0.003 -21"><span class='ocrx_word' id='word_1_58' title='bbox 213 1143 310 1191; x_wconf 83' lang='lat' dir='ltr'>causa</span> <span class='ocrx_word' id='word_1_59' title='bbox 331 1123 522 1205; x_wconf 84' lang='lat' dir='ltr'>interposita</span> <span class='ocrx_word' id='word_1_60' title='bbox 544 1131 602 1204; x_wconf 90' lang='lat' dir='ltr'>est,</span> <span class='ocrx_word' id='word_1_61' title='bbox 624 1123 691 1188; x_wconf 86' lang='lat' dir='ltr'>alia</span> <span class='ocrx_word' id='word_1_62' title='bbox 713 1126 842 1192; x_wconf 87' lang='lat' dir='ltr'>exalia</span> <span class='ocrx_word' id='word_1_63' title='bbox 864 1132 955 1192; x_wconf 87' lang='lat' dir='ltr'>ortae</span> <span class='ocrx_word' id='word_1_64' title='bbox 977 1134 1050 1192; x_wconf 89' lang='lat' dir='ltr'>sunt</span> <span class='ocrx_word' id='word_1_65' title='bbox 1073 1127 1123 1205; x_wconf 81' lang='lat' dir='ltr'>(of.</span> <span class='ocrx_word' id='word_1_66' title='bbox 1141 1127 1247 1212; x_wconf 78' lang='lat' dir='ltr'>pilos,</span> <span class='ocrx_word' id='word_1_67' title='bbox 1271 1128 1341 1194; x_wconf 89' lang='lat' dir='ltr'>sive</span> 
     </span>
     <span class='ocr_line' id='line_1_8' title="bbox 209 1217 1342 1308; baseline 0.007 -23"><span class='ocrx_word' id='word_1_68' title='bbox 209 1223 317 1308; x_wconf 71' lang='lat' dir='ltr'>pibus,</span> <span class='ocrx_word' id='word_1_69' title='bbox 341 1257 384 1268; x_wconf 89' lang='lat'><em>-</em></span> <span class='ocrx_word' id='word_1_70' title='bbox 398 1219 528 1304; x_wconf 69' lang='lat' dir='ltr'>*pilato</span> <span class='ocrx_word' id='word_1_71' title='bbox 549 1254 592 1266; x_wconf 93' lang='lat'><strong>—</strong></span> <span class='ocrx_word' id='word_1_72' title='bbox 607 1217 779 1304; x_wconf 60' lang='lat' dir='ltr'>*pileatum</span> <span class='ocrx_word' id='word_1_73' title='bbox 809 1223 912 1302; x_wconf 78' lang='lat' dir='ltr'>Quam</span> <span class='ocrx_word' id='word_1_74' title='bbox 928 1225 1121 1291; x_wconf 81' lang='lat' dir='ltr'><strong>sententiam</strong></span> <span class='ocrx_word' id='word_1_75' title='bbox 1137 1245 1247 1291; x_wconf 90' lang='lat' dir='ltr'>veram</span> <span class='ocrx_word' id='word_1_76' title='bbox 1270 1245 1342 1293; x_wconf 89' lang='lat' dir='ltr'>esse</span> 
     </span>
     <span class='ocr_line' id='line_1_9' title="bbox 213 1317 1340 1406; baseline 0 -19"><span class='ocrx_word' id='word_1_77' title='bbox 213 1321 309 1388; x_wconf 85' lang='lat' dir='ltr'>etiam</span> <span class='ocrx_word' id='word_1_78' title='bbox 322 1339 364 1386; x_wconf 94' lang='lat' dir='ltr'>ex</span> <span class='ocrx_word' id='word_1_79' title='bbox 377 1317 570 1399; x_wconf 87' lang='lat' dir='ltr'>nominibus,</span> <span class='ocrx_word' id='word_1_80' title='bbox 586 1338 718 1401; x_wconf 90' lang='lat' dir='ltr'>quorum</span> <span class='ocrx_word' id='word_1_81' title='bbox 734 1320 830 1404; x_wconf 79' lang='lat' dir='ltr'>stirps</span> <span class='ocrx_word' id='word_1_82' title='bbox 846 1322 976 1386; x_wconf 85' lang='lat' dir='ltr'>ivocali</span> <span class='ocrx_word' id='word_1_83' title='bbox 991 1319 1108 1402; x_wconf 89' lang='lat' dir='ltr'>finitur,</span> <span class='ocrx_word' id='word_1_84' title='bbox 1130 1322 1340 1406; x_wconf 82' lang='lat' dir='ltr'>intellegitur,</span> 
     </span>
     <span class='ocr_line' id='line_1_10' title="bbox 212 1415 1342 1503; baseline -0.001 -19"><span class='ocrx_word' id='word_1_85' title='bbox 212 1418 246 1484; x_wconf 92' lang='lat' dir='ltr'>in</span> <span class='ocrx_word' id='word_1_86' title='bbox 262 1418 378 1500; x_wconf 87' lang='lat' dir='ltr'>quibus</span> <span class='ocrx_word' id='word_1_87' title='bbox 393 1415 506 1483; x_wconf 86' lang='lat' dir='ltr'>eodem</span> <span class='ocrx_word' id='word_1_88' title='bbox 522 1415 618 1481; x_wconf 89' lang='lat' dir='ltr'>modo</span> <span class='ocrx_word' id='word_1_89' title='bbox 634 1419 718 1480; x_wconf 76' lang='lat' dir='ltr'>auctr</span> <span class='ocrx_word' id='word_1_90' title='bbox 733 1437 773 1484; x_wconf 86' lang='lat' dir='ltr'>ex</span> <span class='ocrx_word' id='word_1_91' title='bbox 792 1416 920 1482; x_wconf 71' lang='lat' dir='ltr'>*eveus</span> <span class='ocrx_word' id='word_1_92' title='bbox 934 1454 976 1465; x_wconf 97' lang='lat'>—</span> <span class='ocrx_word' id='word_1_93' title='bbox 991 1416 1120 1501; x_wconf 71' lang='lat' dir='ltr'>*scafa</span> <span class='ocrx_word' id='word_1_94' title='bbox 1134 1455 1176 1466; x_wconf 85' lang='lat'><em>-</em></span> <span class='ocrx_word' id='word_1_95' title='bbox 1191 1418 1342 1503; x_wconf 70' lang='lat' dir='ltr'>*aversos</span> 
     </span>
     <span class='ocr_line' id='line_1_11' title="bbox 212 1513 1342 1600; baseline 0.001 -18"><span class='ocrx_word' id='word_1_96' title='bbox 212 1514 425 1582; x_wconf 89' lang='lat' dir='ltr'>derivandum</span> <span class='ocrx_word' id='word_1_97' title='bbox 449 1520 507 1581; x_wconf 90' lang='lat' dir='ltr'>est.</span> <span class='ocrx_word' id='word_1_98' title='bbox 551 1514 641 1593; x_wconf 78' lang='lat' dir='ltr'>Quae</span> <span class='ocrx_word' id='word_1_99' title='bbox 664 1535 734 1580; x_wconf 88' lang='lat' dir='ltr'>cum</span> <span class='ocrx_word' id='word_1_100' title='bbox 757 1513 803 1580; x_wconf 88' lang='lat' dir='ltr'>ita</span> <span class='ocrx_word' id='word_1_101' title='bbox 824 1516 898 1596; x_wconf 89' lang='lat' dir='ltr'>sint,</span> <span class='ocrx_word' id='word_1_102' title='bbox 925 1516 1042 1582; x_wconf 80' lang='lat' dir='ltr'>falsum</span> <span class='ocrx_word' id='word_1_103' title='bbox 1064 1536 1136 1584; x_wconf 89' lang='lat' dir='ltr'>csse</span> <span class='ocrx_word' id='word_1_104' title='bbox 1158 1518 1342 1600; x_wconf 82' lang='lat' dir='ltr'>putabimus</span> 
     </span>
     <span class='ocr_line' id='line_1_12' title="bbox 213 1612 1339 1698; baseline 0.001 -20"><span class='ocrx_word' id='word_1_105' title='bbox 213 1613 298 1696; x_wconf 90' lang='lat' dir='ltr'>quod</span> <span class='ocrx_word' id='word_1_106' title='bbox 314 1613 504 1680; x_wconf 82' lang='lat' dir='ltr'>Francisous</span> <span class='ocrx_word' id='word_1_107' title='bbox 520 1612 736 1678; x_wconf 88' lang='lat' dir='ltr'>Buechelerus</span> <span class='ocrx_word' id='word_1_108' title='bbox 752 1613 902 1688; x_wconf 78' lang='lat' dir='ltr'>(Grundr.</span> <span class='ocrx_word' id='word_1_109' title='bbox 919 1613 949 1678; x_wconf 90' lang='lat' dir='ltr'>d.</span> <span class='ocrx_word' id='word_1_110' title='bbox 965 1614 1075 1679; x_wconf 87' lang='lat' dir='ltr'>lateiu.</span> <span class='ocrx_word' id='word_1_111' title='bbox 1091 1614 1182 1679; x_wconf 87' lang='lat' dir='ltr'>Decl.</span> <span class='ocrx_word' id='word_1_112' title='bbox 1198 1634 1273 1698; x_wconf 84' lang='lat' dir='ltr'>pag.</span> <span class='ocrx_word' id='word_1_113' title='bbox 1286 1616 1339 1690; x_wconf 85' lang='grc'>94)</span> 
     </span>
     <span class='ocr_line' id='line_1_13' title="bbox 213 1708 1342 1794; baseline -0.001 -18"><span class='ocrx_word' id='word_1_114' title='bbox 213 1711 254 1777; x_wconf 92' lang='lat' dir='ltr'>de</span> <span class='ocrx_word' id='word_1_115' title='bbox 276 1711 326 1777; x_wconf 89' lang='lat' dir='ltr'>his</span> <span class='ocrx_word' id='word_1_116' title='bbox 348 1710 457 1776; x_wconf 85' lang='lat' dir='ltr'>turmis</span> <span class='ocrx_word' id='word_1_117' title='bbox 473 1708 649 1794; x_wconf 88' lang='lat' dir='ltr'>disputavit</span> <span class='ocrx_word' id='word_1_118' title='bbox 661 1708 797 1792; x_wconf 78' lang='lat' dir='ltr'>fratros</span> <span class='ocrx_word' id='word_1_119' title='bbox 817 1718 905 1777; x_wconf 88' lang='lat' dir='ltr'>recta</span> <span class='ocrx_word' id='word_1_120' title='bbox 926 1711 981 1777; x_wconf 88' lang='lat' dir='ltr'>via</span> <span class='ocrx_word' id='word_1_121' title='bbox 997 1709 1215 1793; x_wconf 79' lang='lat' dir='ltr'>excidentes</span> <span class='ocrx_word' id='word_1_122' title='bbox 1227 1711 1342 1776; x_wconf 83' lang='lat' dir='ltr'>torma·</span> 
     </span>
     <span class='ocr_line' id='line_1_14' title="bbox 212 1807 1341 1891; baseline -0.001 -17"><span class='ocrx_word' id='word_1_123' title='bbox 212 1819 279 1874; x_wconf 92' lang='lat' dir='ltr'>tum</span> <span class='ocrx_word' id='word_1_124' title='bbox 302 1828 375 1875; x_wconf 89' lang='lat' dir='ltr'>esse</span> <span class='ocrx_word' id='word_1_125' title='bbox 396 1814 495 1889; x_wconf 86' lang='lat' dir='ltr'>ratus,</span> <span class='ocrx_word' id='word_1_126' title='bbox 519 1807 594 1891; x_wconf 90' lang='lat' dir='ltr'>quia</span> <span class='ocrx_word' id='word_1_127' title='bbox 607 1808 653 1874; x_wconf 86' lang='lat' dir='ltr'>sic</span> <span class='ocrx_word' id='word_1_128' title='bbox 668 1827 774 1890; x_wconf 89' lang='lat' dir='ltr'>neque</span> <span class='ocrx_word' id='word_1_129' title='bbox 789 1810 872 1872; x_wconf 67' lang='lat' dir='ltr'>avem</span> <span class='ocrx_word' id='word_1_130' title='bbox 889 1828 949 1874; x_wconf 90' lang='lat' dir='ltr'>nec</span> <span class='ocrx_word' id='word_1_131' title='bbox 963 1831 979 1870; x_wconf 79' lang='lat' dir='ltr'>s</span> <span class='ocrx_word' id='word_1_132' title='bbox 993 1807 1194 1874; x_wconf 79' lang='lat' dir='ltr'>immutabile</span> <span class='ocrx_word' id='word_1_133' title='bbox 1215 1808 1341 1874; x_wconf 90' lang='lat' dir='ltr'>intelle·</span> 
     </span>
     <span class='ocr_line' id='line_1_15' title="bbox 212 1909 1198 1989; baseline -0.003 -18"><span class='ocrx_word' id='word_1_134' title='bbox 212 1912 351 1989; x_wconf 81' lang='lat' dir='ltr'>geretur.</span> <span class='ocrx_word' id='word_1_135' title='bbox 1194 1909 1198 1920; x_wconf 81' lang='grc'><em>’</em></span> 
     </span>
    </p>

    <p class='ocr_par' dir='ltr' id='par_1_5' title="bbox 126 2000 1344 2668">
     <span class='ocr_line' id='line_1_16' title="bbox 297 2000 1343 2084; baseline -0.002 -17"><span class='ocrx_word' id='word_1_136' title='bbox 297 2001 396 2068; x_wconf 90' lang='lat' dir='ltr'>Vides</span> <span class='ocrx_word' id='word_1_137' title='bbox 418 2021 503 2067; x_wconf 91' lang='lat' dir='ltr'>nunc</span> <span class='ocrx_word' id='word_1_138' title='bbox 525 2002 607 2069; x_wconf 89' lang='lat' dir='ltr'>illud</span> <span class='ocrx_word' id='word_1_139' title='bbox 628 2023 645 2064; x_wconf 80' lang='lat' dir='ltr'>s</span> <span class='ocrx_word' id='word_1_140' title='bbox 666 2002 836 2069; x_wconf 91' lang='lat' dir='ltr'>verborum</span> <span class='ocrx_word' id='word_1_141' title='bbox 856 2000 1007 2084; x_wconf 81' lang='lat' dir='ltr'>fretrus,</span> <span class='ocrx_word' id='word_1_142' title='bbox 1038 2003 1122 2066; x_wconf 69' lang='lat' dir='ltr'>ouem</span> <span class='ocrx_word' id='word_1_143' title='bbox 1144 2001 1177 2066; x_wconf 90' lang='lat' dir='ltr'>in</span> <span class='ocrx_word' id='word_1_144' title='bbox 1200 2023 1218 2064; x_wconf 84' lang='lat' dir='ltr'>r</span> <span class='ocrx_word' id='word_1_145' title='bbox 1240 2006 1343 2065; x_wconf 89' lang='lat' dir='ltr'>muta-</span> 
     </span>
     <span class='ocr_line' id='line_1_17' title="bbox 211 2097 1343 2184; baseline -0.001 -20"><span class='ocrx_word' id='word_1_146' title='bbox 211 2105 278 2164; x_wconf 92' lang='lat' dir='ltr'>tum</span> <span class='ocrx_word' id='word_1_147' title='bbox 301 2119 366 2165; x_wconf 95' lang='lat' dir='ltr'>non</span> <span class='ocrx_word' id='word_1_148' title='bbox 388 2119 460 2166; x_wconf 90' lang='lat' dir='ltr'>esse</span> <span class='ocrx_word' id='word_1_149' title='bbox 490 2107 661 2182; x_wconf 87' lang='lat' dir='ltr'>propterea</span> <span class='ocrx_word' id='word_1_150' title='bbox 683 2099 768 2183; x_wconf 91' lang='lat' dir='ltr'>quod</span> <span class='ocrx_word' id='word_1_151' title='bbox 796 2121 860 2164; x_wconf 93' lang='lat' dir='ltr'>non</span> <span class='ocrx_word' id='word_1_152' title='bbox 891 2099 1031 2184; x_wconf 83' lang='lat' dir='ltr'>simplex</span> <span class='ocrx_word' id='word_1_153' title='bbox 1053 2106 1137 2181; x_wconf 87' lang='lat' dir='ltr'>erat,</span> <span class='ocrx_word' id='word_1_154' title='bbox 1170 2097 1229 2165; x_wconf 90' lang='lat' dir='ltr'>sed</span> <span class='ocrx_word' id='word_1_155' title='bbox 1250 2098 1343 2182; x_wconf 82' lang='lat' dir='ltr'>quasi</span> 
     </span>
     <span class='ocr_line' id='line_1_18' title="bbox 213 2194 1343 2281; baseline -0.003 -19"><span class='ocrx_word' id='word_1_156' title='bbox 213 2197 346 2280; x_wconf 84' lang='lat' dir='ltr'>duplex,</span> <span class='ocrx_word' id='word_1_157' title='bbox 370 2217 411 2262; x_wconf 85' lang='lat' dir='ltr'>ex</span> <span class='ocrx_word' id='word_1_158' title='bbox 424 2195 465 2279; x_wconf 81' lang='lat' dir='ltr'>fs</span> <span class='ocrx_word' id='word_1_159' title='bbox 486 2197 730 2262; x_wconf 76' lang='lat' dir='ltr'>assimulatione</span> <span class='ocrx_word' id='word_1_160' title='bbox 752 2203 960 2263; x_wconf 88' lang='lat' dir='ltr'>contractum.</span> <span class='ocrx_word' id='word_1_161' title='bbox 1005 2199 1074 2265; x_wconf 85' lang='lat' dir='ltr'>Nec</span> <span class='ocrx_word' id='word_1_162' title='bbox 1095 2216 1209 2281; x_wconf 87' lang='lat' dir='ltr'>parum</span> <span class='ocrx_word' id='word_1_163' title='bbox 1231 2194 1343 2263; x_wconf 87' lang='lat' dir='ltr'>confir-</span> 
     </span>
     <span class='ocr_line' id='line_1_19' title="bbox 211 2293 1343 2377; baseline 0 -19"><span class='ocrx_word' id='word_1_164' title='bbox 211 2300 316 2358; x_wconf 86' lang='lat' dir='ltr'>matur</span> <span class='ocrx_word' id='word_1_165' title='bbox 347 2299 457 2358; x_wconf 81' lang='lat' dir='ltr'>nostra</span> <span class='ocrx_word' id='word_1_166' title='bbox 484 2293 646 2359; x_wconf 87' lang='lat' dir='ltr'>sententia</span> <span class='ocrx_word' id='word_1_167' title='bbox 678 2293 790 2376; x_wconf 82' lang='lat' dir='ltr'>lingua</span> <span class='ocrx_word' id='word_1_168' title='bbox 818 2313 909 2374; x_wconf 88' lang='lat' dir='ltr'>osca,</span> <span class='ocrx_word' id='word_1_169' title='bbox 943 2315 1027 2377; x_wconf 87' lang='lat' dir='ltr'>quae</span> <span class='ocrx_word' id='word_1_170' title='bbox 1056 2294 1141 2361; x_wconf 92' lang='lat' dir='ltr'>idem</span> <span class='ocrx_word' id='word_1_171' title='bbox 1171 2293 1343 2360; x_wconf 87' lang='lat' dir='ltr'>discrimen</span> 
     </span>
     <span class='ocr_line' id='line_1_20' title="bbox 211 2388 1343 2479; baseline 0.001 -26"><span class='ocrx_word' id='word_1_172' title='bbox 211 2390 363 2479; x_wconf 87' lang='lat' dir='ltr'>praebet,</span> <span class='ocrx_word' id='word_1_173' title='bbox 393 2389 449 2454; x_wconf 92' lang='lat' dir='ltr'>ubi</span> <span class='ocrx_word' id='word_1_174' title='bbox 477 2388 580 2455; x_wconf 80' lang='lat' dir='ltr'>forma</span> <span class='ocrx_word' id='word_1_175' title='bbox 608 2389 742 2453; x_wconf 87' lang='lat' dir='ltr'>ablativi</span> <span class='ocrx_word' id='word_1_176' title='bbox 771 2389 917 2472; x_wconf 86' lang='lat' dir='ltr'>stirpium</span> <span class='ocrx_word' id='word_1_177' title='bbox 940 2392 973 2455; x_wconf 91' lang='lat' dir='ltr'>ln</span> <span class='ocrx_word' id='word_1_178' title='bbox 997 2412 1017 2453; x_wconf 89' lang='lat' dir='ltr'>o</span> <span class='ocrx_word' id='word_1_179' title='bbox 1038 2391 1091 2456; x_wconf 88' lang='lat' dir='ltr'>vol</span> <span class='ocrx_word' id='word_1_180' title='bbox 1115 2411 1133 2452; x_wconf 91' lang='lat' dir='ltr'>o</span> <span class='ocrx_word' id='word_1_181' title='bbox 1157 2391 1343 2456; x_wconf 86' lang='lat' dir='ltr'>exeuntium</span> 
     </span>
     <span class='ocr_line' id='line_1_21' title="bbox 126 2483 1343 2576; baseline -0.002 -24"><span class='ocrx_word' id='word_1_182' title='bbox 126 2520 133 2528; x_wconf 41' lang='grc' dir='ltr'><em>ν</em></span> <span class='ocrx_word' id='word_1_183' title='bbox 213 2508 283 2552; x_wconf 89' lang='lat' dir='ltr'>eum</span> <span class='ocrx_word' id='word_1_184' title='bbox 298 2487 409 2552; x_wconf 83' lang='lat' dir='ltr'>latinis</span> <span class='ocrx_word' id='word_1_185' title='bbox 425 2485 575 2576; x_wconf 88' lang='lat' dir='ltr'>convenit</span> <span class='ocrx_word' id='word_1_186' title='bbox 591 2483 741 2564; x_wconf 74' lang='lat' dir='ltr'>(burt-bb</span> <span class='ocrx_word' id='word_1_187' title='bbox 756 2511 798 2531; x_wconf 90' lang='lat'>-·</span> <span class='ocrx_word' id='word_1_188' title='bbox 820 2484 985 2548; x_wconf 77' lang='lat' dir='ltr'>*bort-otc</span> <span class='ocrx_word' id='word_1_189' title='bbox 1006 2523 1049 2534; x_wconf 91' lang='lat'><em>-</em></span> <span class='ocrx_word' id='word_1_190' title='bbox 1070 2487 1196 2558; x_wconf 72' lang='lat' dir='ltr'>bort-ia</span> <span class='ocrx_word' id='word_1_191' title='bbox 1221 2487 1343 2569; x_wconf 86' lang='lat' dir='ltr'>quoda</span> 
     </span>
     <span class='ocr_line' id='line_1_22' title="bbox 211 2582 1344 2668; baseline 0.002 -20"><span class='ocrx_word' id='word_1_192' title='bbox 211 2604 327 2667; x_wconf 82' lang='lat' dir='ltr'>graeco</span> <span class='ocrx_word' id='word_1_193' title='bbox 351 2583 488 2668; x_wconf 83' lang='grc' dir='ltr'><strong><em>χόρτοις</em></strong></span> <span class='ocrx_word' id='word_1_194' title='bbox 518 2603 560 2649; x_wconf 93' lang='lat' dir='ltr'>ne</span> <span class='ocrx_word' id='word_1_195' title='bbox 589 2587 751 2666; x_wconf 85' lang='lat' dir='ltr'>separes);</span> <span class='ocrx_word' id='word_1_196' title='bbox 782 2582 839 2649; x_wconf 90' lang='lat' dir='ltr'>sed</span> <span class='ocrx_word' id='word_1_197' title='bbox 870 2583 1011 2665; x_wconf 68' lang='lat' dir='ltr'>onufrio</span> <span class='ocrx_word' id='word_1_198' title='bbox 1025 2585 1071 2650; x_wconf 76' lang='lat' dir='ltr'>&#39;in</span> <span class='ocrx_word' id='word_1_199' title='bbox 1100 2584 1213 2666; x_wconf 81' lang='lat' dir='ltr'>lingua</span> <span class='ocrx_word' id='word_1_200' title='bbox 1240 2583 1344 2650; x_wconf 84' lang='lat' dir='ltr'>latine</span> 
     </span>
    </p>
   </div>
   <div class='ocr_carea' id='block_1_5' title="bbox 117 2678 1345 2763">
    <p class='ocr_par' dir='ltr' id='par_1_6' title="bbox 117 2678 1345 2763">
     <span class='ocr_line' id='line_1_23' title="bbox 117 2678 1345 2763; baseline -0.002 -19"><span class='ocrx_word' id='word_1_201' title='bbox 117 2736 126 2744; x_wconf 85' lang='grc'><strong><em>,</em></strong></span> <span class='ocrx_word' id='word_1_202' title='bbox 214 2730 288 2748; x_wconf 92' lang='grc'><strong>.....</strong></span> <span class='ocrx_word' id='word_1_203' title='bbox 307 2682 375 2745; x_wconf 78' lang='lat' dir='ltr'>ibus</span> <span class='ocrx_word' id='word_1_204' title='bbox 397 2685 497 2762; x_wconf 79' lang='lat' dir='ltr'>esset3</span> <span class='ocrx_word' id='word_1_205' title='bbox 527 2699 610 2762; x_wconf 87' lang='lat' dir='ltr'>quae</span> <span class='ocrx_word' id='word_1_206' title='bbox 631 2680 734 2745; x_wconf 79' lang='lat' dir='ltr'>torma</span> <span class='ocrx_word' id='word_1_207' title='bbox 755 2702 776 2748; x_wconf 90' lang='lat' dir='ltr'>a</span> <span class='ocrx_word' id='word_1_208' title='bbox 797 2681 1001 2748; x_wconf 87' lang='lat' dir='ltr'>Schleichcro</span> <span class='ocrx_word' id='word_1_209' title='bbox 1024 2686 1109 2748; x_wconf 86' lang='lat' dir='ltr'>recte</span> <span class='ocrx_word' id='word_1_210' title='bbox 1131 2699 1173 2747; x_wconf 88' lang='lat' dir='ltr'>ex</span> <span class='ocrx_word' id='word_1_211' title='bbox 1195 2678 1263 2726; x_wconf 68' lang='lat' dir='ltr'>&#39;l—</span> <span class='ocrx_word' id='word_1_212' title='bbox 1278 2679 1345 2763; x_wconf 75' lang='lat' dir='ltr'>isos</span> 
     </span>
    </p>
   </div>
   <div class='ocr_carea' id='block_1_6' title="bbox 138 2777 1380 3155">
    <p class='ocr_par' dir='ltr' id='par_1_7' title="bbox 138 2777 561 2860">
     <span class='ocr_line' id='line_1_24' title="bbox 138 2777 561 2860; baseline 0.007 -21"><span class='ocrx_word' id='word_1_213' title='bbox 138 2795 144 2808; x_wconf 77' lang='grc'><em>’</em></span> <span class='ocrx_word' id='word_1_214' title='bbox 212 2777 292 2856; x_wconf 81' lang='grc'>(*-</span> <span class='ocrx_word' id='word_1_215' title='bbox 305 2777 361 2860; x_wconf 81' lang='lat' dir='ltr'>iss)</span> <span class='ocrx_word' id='word_1_216' title='bbox 384 2777 561 2845; x_wconf 75' lang='lat' dir='ltr'>deducitur.</span> 
     </span>
    </p>

    <p class='ocr_par' dir='ltr' id='par_1_8' title="bbox 210 2865 1380 3155">
     <span class='ocr_line' id='line_1_25' title="bbox 298 2865 1380 2958; baseline -0.001 -17"><span class='ocrx_word' id='word_1_217' title='bbox 298 2874 420 2955; x_wconf 78' lang='lat' dir='ltr'>Quibus</span> <span class='ocrx_word' id='word_1_218' title='bbox 442 2875 539 2943; x_wconf 88' lang='lat' dir='ltr'>rebus</span> <span class='ocrx_word' id='word_1_219' title='bbox 555 2874 711 2958; x_wconf 88' lang='lat' dir='ltr'>expositis</span> <span class='ocrx_word' id='word_1_220' title='bbox 734 2875 836 2942; x_wconf 88' lang='lat' dir='ltr'>nolite</span> <span class='ocrx_word' id='word_1_221' title='bbox 852 2875 1009 2956; x_wconf 87' lang='lat' dir='ltr'>dubitare,</span> <span class='ocrx_word' id='word_1_222' title='bbox 1032 2875 1110 2958; x_wconf 92' lang='lat' dir='ltr'>quin</span> <span class='ocrx_word' id='word_1_223' title='bbox 1126 2874 1343 2941; x_wconf 85' lang='lat' dir='ltr'>Buechelorns</span> <span class='ocrx_word' id='word_1_224' title='bbox 1374 2865 1380 2881; x_wconf 89' lang='lat'><em>&#39;</em></span> 
     </span>
     <span class='ocr_line' id='line_1_26' title="bbox 211 2971 1343 3057; baseline -0.003 -16"><span class='ocrx_word' id='word_1_225' title='bbox 211 2985 244 3041; x_wconf 89' lang='lat' dir='ltr'>et</span> <span class='ocrx_word' id='word_1_226' title='bbox 269 2975 403 3042; x_wconf 83' lang='lat' dir='ltr'>Brealus</span> <span class='ocrx_word' id='word_1_227' title='bbox 426 2979 512 3040; x_wconf 91' lang='lat' dir='ltr'>recte</span> <span class='ocrx_word' id='word_1_228' title='bbox 530 2972 766 3057; x_wconf 82' lang='lat' dir='ltr'>disputaverint</span> <span class='ocrx_word' id='word_1_229' title='bbox 787 2972 965 3038; x_wconf 80' lang='lat' dir='ltr'>ablativum</span> <span class='ocrx_word' id='word_1_230' title='bbox 986 2971 1123 3057; x_wconf 81' lang='lat' dir='ltr'>pluralis</span> <span class='ocrx_word' id='word_1_231' title='bbox 1145 2973 1270 3039; x_wconf 90' lang='lat' dir='ltr'>numeri</span> <span class='ocrx_word' id='word_1_232' title='bbox 1284 2973 1343 3038; x_wconf 84' lang='lat' dir='ltr'>ita·</span> 
     </span>
     <span class='ocr_line' id='line_1_27' title="bbox 210 3068 1343 3155; baseline 0.003 -20"><span class='ocrx_word' id='word_1_233' title='bbox 210 3071 306 3137; x_wconf 93' lang='lat' dir='ltr'>licum</span> <span class='ocrx_word' id='word_1_234' title='bbox 328 3071 474 3155; x_wconf 85' lang='lat' dir='ltr'>stirpium</span> <span class='ocrx_word' id='word_1_235' title='bbox 497 3072 601 3138; x_wconf 89' lang='lat' dir='ltr'>vocali</span> <span class='ocrx_word' id='word_1_236' title='bbox 617 3093 637 3134; x_wconf 89' lang='lat' dir='ltr'>o</span> <span class='ocrx_word' id='word_1_237' title='bbox 651 3071 705 3136; x_wconf 88' lang='lat' dir='ltr'>vel</span> <span class='ocrx_word' id='word_1_238' title='bbox 720 3091 738 3132; x_wconf 92' lang='lat' dir='ltr'>o</span> <span class='ocrx_word' id='word_1_239' title='bbox 753 3070 994 3136; x_wconf 84' lang='lat' dir='ltr'>terminatorum</span> <span class='ocrx_word' id='word_1_240' title='bbox 1016 3068 1122 3136; x_wconf 86' lang='lat' dir='ltr'>suffixi</span> <span class='ocrx_word' id='word_1_241' title='bbox 1143 3072 1174 3138; x_wconf 71' lang='lat' dir='ltr'>se·</span> <span class='ocrx_word' id='word_1_242' title='bbox 1197 3073 1259 3149; x_wconf 81' lang='grc' dir='ltr'>(σι)</span> <span class='ocrx_word' id='word_1_243' title='bbox 1280 3090 1343 3154; x_wconf 89' lang='lat' dir='ltr'>ope</span> 
     </span>
    </p>
   </div>
   <div class='ocr_carea' id='block_1_7' title="bbox 211 3167 1460 3251">
    <p class='ocr_par' dir='ltr' id='par_1_9' title="bbox 211 3167 1460 3251">
     <span class='ocr_line' id='line_1_28' title="bbox 211 3167 1460 3251; baseline 0.002 -19"><span class='ocrx_word' id='word_1_244' title='bbox 211 3167 382 3234; x_wconf 85' lang='lat' dir='ltr'>formatum</span> <span class='ocrx_word' id='word_1_245' title='bbox 398 3188 469 3235; x_wconf 89' lang='lat' dir='ltr'>esse</span> <span class='ocrx_word' id='word_1_246' title='bbox 484 3170 561 3251; x_wconf 80' lang='lat' dir='ltr'>rati3</span> <span class='ocrx_word' id='word_1_247' title='bbox 585 3188 648 3251; x_wconf 88' lang='lat' dir='ltr'>qua</span> <span class='ocrx_word' id='word_1_248' title='bbox 664 3188 698 3234; x_wconf 89' lang='lat' dir='ltr'>re</span> <span class='ocrx_word' id='word_1_249' title='bbox 713 3167 831 3233; x_wconf 82' lang='lat' dir='ltr'>lactum</span> <span class='ocrx_word' id='word_1_250' title='bbox 847 3174 905 3248; x_wconf 88' lang='lat' dir='ltr'>est,</span> <span class='ocrx_word' id='word_1_251' title='bbox 926 3175 960 3232; x_wconf 88' lang='lat' dir='ltr'>ut</span> <span class='ocrx_word' id='word_1_252' title='bbox 976 3188 1068 3235; x_wconf 83' lang='lat' dir='ltr'>casus</span> <span class='ocrx_word' id='word_1_253' title='bbox 1083 3168 1247 3235; x_wconf 83' lang='lat' dir='ltr'>ablativus</span> <span class='ocrx_word' id='word_1_254' title='bbox 1262 3168 1342 3247; x_wconf 89' lang='lat' dir='ltr'>(sive</span> <span class='ocrx_word' id='word_1_255' title='bbox 1457 3198 1460 3206; x_wconf 47' lang='lat'>¹</span> 
     </span>
    </p>
   </div>
   <div class='ocr_carea' id='block_1_8' title="bbox 123 3257 1343 4130">
    <p class='ocr_par' dir='ltr' id='par_1_10' title="bbox 212 3257 1341 3428">
     <span class='ocr_line' id='line_1_29' title="bbox 212 3257 1341 3350; baseline 0.004 -22"><span class='ocrx_word' id='word_1_256' title='bbox 212 3263 353 3343; x_wconf 83' lang='lat' dir='ltr'>dativus)</span> <span class='ocrx_word' id='word_1_257' title='bbox 367 3266 502 3348; x_wconf 88' lang='lat' dir='ltr'>pluralis</span> <span class='ocrx_word' id='word_1_258' title='bbox 518 3274 550 3331; x_wconf 92' lang='grc' dir='ltr'>θῖ</span> <span class='ocrx_word' id='word_1_259' title='bbox 564 3265 695 3332; x_wconf 88' lang='lat' dir='ltr'>locativi</span> <span class='ocrx_word' id='word_1_260' title='bbox 711 3272 743 3331; x_wconf 93' lang='grc' dir='ltr'>θῖ</span> <span class='ocrx_word' id='word_1_261' title='bbox 754 3265 898 3349; x_wconf 87' lang='lat' dir='ltr'>ablativi,</span> <span class='ocrx_word' id='word_1_262' title='bbox 914 3265 968 3347; x_wconf 88' lang='lat' dir='ltr'>qui</span> <span class='ocrx_word' id='word_1_263' title='bbox 982 3257 1132 3350; x_wconf 88' lang='lat' dir='ltr'>proprius</span> <span class='ocrx_word' id='word_1_264' title='bbox 1146 3265 1209 3332; x_wconf 89' lang='lat' dir='ltr'>diei</span> <span class='ocrx_word' id='word_1_265' title='bbox 1224 3272 1341 3350; x_wconf 84' lang='lat' dir='ltr'>potest,</span> 
     </span>
     <span class='ocr_line' id='line_1_30' title="bbox 212 3362 457 3428; baseline 0 -2"><span class='ocrx_word' id='word_1_266' title='bbox 212 3381 304 3427; x_wconf 92' lang='lat' dir='ltr'>usum</span> <span class='ocrx_word' id='word_1_267' title='bbox 327 3362 457 3428; x_wconf 81' lang='lat' dir='ltr'>hebeat.</span> 
     </span>
    </p>

    <p class='ocr_par' dir='ltr' id='par_1_11' title="bbox 123 3457 1343 4130">
     <span class='ocr_line' id='line_1_31' title="bbox 297 3457 1342 3545; baseline -0.002 -21"><span class='ocrx_word' id='word_1_268' title='bbox 297 3459 392 3526; x_wconf 88' lang='lat' dir='ltr'>Dicet</span> <span class='ocrx_word' id='word_1_269' title='bbox 412 3460 548 3526; x_wconf 81' lang='lat' dir='ltr'>fortasse</span> <span class='ocrx_word' id='word_1_270' title='bbox 571 3459 730 3543; x_wconf 85' lang='lat' dir='ltr'>quispiam</span> <span class='ocrx_word' id='word_1_271' title='bbox 760 3457 879 3525; x_wconf 74' lang='lat' dir='ltr'>fortnas</span> <span class='ocrx_word' id='word_1_272' title='bbox 903 3459 1044 3545; x_wconf 81' lang='lat' dir='ltr'>filiabus,</span> <span class='ocrx_word' id='word_1_273' title='bbox 1072 3458 1234 3544; x_wconf 82' lang='lat' dir='ltr'>portubus,</span> <span class='ocrx_word' id='word_1_274' title='bbox 1265 3461 1342 3522; x_wconf 85' lang='lat' dir='ltr'>umi-</span> 
     </span>
     <span class='ocr_line' id='line_1_32' title="bbox 123 3547 1342 3642; baseline 0.002 -24"><span class='ocrx_word' id='word_1_275' title='bbox 123 3547 140 3610; x_wconf 83' lang='lat'>.&#39;</span> <span class='ocrx_word' id='word_1_276' title='bbox 212 3555 306 3628; x_wconf 70' lang='lat' dir='ltr'>mbos,</span> <span class='ocrx_word' id='word_1_277' title='bbox 329 3556 436 3619; x_wconf 82' lang='lat' dir='ltr'>suibus</span> <span class='ocrx_word' id='word_1_278' title='bbox 450 3561 521 3642; x_wconf 89' lang='lat' dir='ltr'>(pro</span> <span class='ocrx_word' id='word_1_279' title='bbox 536 3558 602 3620; x_wconf 71' lang='lat' dir='ltr'>suto</span> <span class='ocrx_word' id='word_1_280' title='bbox 616 3559 678 3623; x_wconf 89' lang='lat' dir='ltr'>Mo.</span> <span class='ocrx_word' id='word_1_281' title='bbox 697 3558 722 3621; x_wconf 91' lang='grc' dir='ltr'>Ι.</span> <span class='ocrx_word' id='word_1_282' title='bbox 738 3557 776 3622; x_wconf 88' lang='lat' dir='ltr'>R.</span> <span class='ocrx_word' id='word_1_283' title='bbox 794 3557 833 3621; x_wconf 86' lang='lat' dir='ltr'>N.</span> <span class='ocrx_word' id='word_1_284' title='bbox 851 3562 946 3636; x_wconf 81' lang='grc'>6417)</span> <span class='ocrx_word' id='word_1_285' title='bbox 970 3576 1150 3641; x_wconf 81' lang='lat' dir='ltr'>repugnare</span> <span class='ocrx_word' id='word_1_286' title='bbox 1166 3562 1276 3621; x_wconf 87' lang='lat' dir='ltr'>contra</span> <span class='ocrx_word' id='word_1_287' title='bbox 1297 3556 1342 3641; x_wconf 88' lang='lat' dir='ltr'>id,</span> 
     </span>
     <span class='ocr_line' id='line_1_33' title="bbox 211 3653 1341 3740; baseline 0 -21"><span class='ocrx_word' id='word_1_288' title='bbox 211 3653 296 3738; x_wconf 91' lang='lat' dir='ltr'>quod</span> <span class='ocrx_word' id='word_1_289' title='bbox 314 3653 469 3740; x_wconf 86' lang='lat' dir='ltr'>diximus;</span> <span class='ocrx_word' id='word_1_290' title='bbox 492 3655 633 3720; x_wconf 90' lang='lat' dir='ltr'>minimo.</span> <span class='ocrx_word' id='word_1_291' title='bbox 664 3656 759 3722; x_wconf 85' lang='lat' dir='ltr'>Errat</span> <span class='ocrx_word' id='word_1_292' title='bbox 774 3653 858 3721; x_wconf 94' lang='lat' dir='ltr'>enim</span> <span class='ocrx_word' id='word_1_293' title='bbox 875 3654 1100 3722; x_wconf 86' lang='lat' dir='ltr'>Schleicherus</span> <span class='ocrx_word' id='word_1_294' title='bbox 1115 3653 1239 3739; x_wconf 80' lang='lat' dir='ltr'>(Comp.</span> <span class='ocrx_word' id='word_1_295' title='bbox 1256 3658 1341 3735; x_wconf 80' lang='lat'><strong>569),</strong></span> 
     </span>
     <span class='ocr_line' id='line_1_34' title="bbox 211 3751 1342 3837; baseline 0.001 -19"><span class='ocrx_word' id='word_1_296' title='bbox 211 3772 283 3818; x_wconf 89' lang='lat' dir='ltr'>cum</span> <span class='ocrx_word' id='word_1_297' title='bbox 307 3772 348 3818; x_wconf 85' lang='lat' dir='ltr'>ex</span> <span class='ocrx_word' id='word_1_298' title='bbox 368 3751 510 3836; x_wconf 79' lang='lat' dir='ltr'>filiabus,</span> <span class='ocrx_word' id='word_1_299' title='bbox 534 3752 682 3816; x_wconf 82' lang='lat' dir='ltr'>omicibus</span> <span class='ocrx_word' id='word_1_300' title='bbox 701 3753 821 3818; x_wconf 79' lang='lat' dir='ltr'>formes</span> <span class='ocrx_word' id='word_1_301' title='bbox 839 3751 931 3837; x_wconf 81' lang='lat' dir='ltr'>filiis,</span> <span class='ocrx_word' id='word_1_302' title='bbox 957 3753 1065 3815; x_wconf 74' lang='lat' dir='ltr'>omr&#39;cir</span> <span class='ocrx_word' id='word_1_303' title='bbox 1087 3751 1249 3818; x_wconf 83' lang='lat' dir='ltr'>derivatas</span> <span class='ocrx_word' id='word_1_304' title='bbox 1271 3772 1342 3819; x_wconf 87' lang='grc' dir='ltr'><strong>θεεθ</strong></span> 
     </span>
     <span class='ocr_line' id='line_1_35' title="bbox 212 3849 1342 3935; baseline 0 -20"><span class='ocrx_word' id='word_1_305' title='bbox 212 3856 314 3935; x_wconf 85' lang='lat' dir='ltr'>putat.</span> <span class='ocrx_word' id='word_1_306' title='bbox 352 3849 489 3915; x_wconf 84' lang='lat' dir='ltr'>Formae</span> <span class='ocrx_word' id='word_1_307' title='bbox 505 3850 600 3932; x_wconf 88' lang='lat' dir='ltr'>enim,</span> <span class='ocrx_word' id='word_1_308' title='bbox 624 3851 736 3933; x_wconf 85' lang='lat' dir='ltr'>quales</span> <span class='ocrx_word' id='word_1_309' title='bbox 755 3856 831 3916; x_wconf 91' lang='lat' dir='ltr'>sunt</span> <span class='ocrx_word' id='word_1_310' title='bbox 853 3849 1011 3924; x_wconf 73' lang='lat' dir='ltr'>amicitas,</span> <span class='ocrx_word' id='word_1_311' title='bbox 1033 3849 1146 3922; x_wconf 81' lang='lat' dir='ltr'>suibus,</span> <span class='ocrx_word' id='word_1_312' title='bbox 1170 3851 1226 3914; x_wconf 89' lang='lat' dir='ltr'>vix</span> <span class='ocrx_word' id='word_1_313' title='bbox 1247 3851 1342 3917; x_wconf 84' lang='lat' dir='ltr'>aliter</span> 
     </span>
     <span class='ocr_line' id='line_1_36' title="bbox 211 3947 1343 4031; baseline 0.002 -19"><span class='ocrx_word' id='word_1_314' title='bbox 211 3948 286 4012; x_wconf 88' lang='lat' dir='ltr'>oriri</span> <span class='ocrx_word' id='word_1_315' title='bbox 310 3953 482 4030; x_wconf 90' lang='lat' dir='ltr'>potuerunt</span> <span class='ocrx_word' id='word_1_316' title='bbox 497 3967 592 4030; x_wconf 87' lang='lat' dir='ltr'>quam</span> <span class='ocrx_word' id='word_1_317' title='bbox 614 3966 672 4031; x_wconf 90' lang='lat' dir='ltr'>per</span> <span class='ocrx_word' id='word_1_318' title='bbox 687 3947 801 4013; x_wconf 81' lang='lat' dir='ltr'>falsam</span> <span class='ocrx_word' id='word_1_319' title='bbox 817 3947 988 4030; x_wconf 83' lang='lat' dir='ltr'>quandam,</span> <span class='ocrx_word' id='word_1_320' title='bbox 1011 3967 1095 4030; x_wconf 83' lang='lat' dir='ltr'>quae</span> <span class='ocrx_word' id='word_1_321' title='bbox 1117 3947 1242 4029; x_wconf 91' lang='lat' dir='ltr'>dicitur,</span> <span class='ocrx_word' id='word_1_322' title='bbox 1265 3969 1343 4014; x_wconf 82' lang='lat' dir='ltr'>ana·</span> 
     </span>
     <span class='ocr_line' id='line_1_37' title="bbox 211 4044 1342 4130; baseline 0.002 -22"><span class='ocrx_word' id='word_1_323' title='bbox 211 4044 340 4127; x_wconf 84' lang='lat' dir='ltr'>logiam.</span> <span class='ocrx_word' id='word_1_324' title='bbox 384 4044 473 4112; x_wconf 91' lang='lat' dir='ltr'>Inter</span> <span class='ocrx_word' id='word_1_325' title='bbox 486 4044 620 4129; x_wconf 77' lang='lat' dir='ltr'>filiabus</span> <span class='ocrx_word' id='word_1_326' title='bbox 641 4051 749 4112; x_wconf 89' lang='lat' dir='ltr'>autem</span> <span class='ocrx_word' id='word_1_327' title='bbox 771 4052 867 4129; x_wconf 89' lang='lat' dir='ltr'>atque</span> <span class='ocrx_word' id='word_1_328' title='bbox 885 4044 970 4130; x_wconf 70' lang='lat' dir='ltr'>filiis</span> <span class='ocrx_word' id='word_1_329' title='bbox 991 4067 1057 4113; x_wconf 92' lang='lat' dir='ltr'>non</span> <span class='ocrx_word' id='word_1_330' title='bbox 1079 4064 1120 4112; x_wconf 82' lang='lat' dir='ltr'>ea</span> <span class='ocrx_word' id='word_1_331' title='bbox 1141 4047 1223 4112; x_wconf 87' lang='lat' dir='ltr'>ratio</span> <span class='ocrx_word' id='word_1_332' title='bbox 1245 4046 1342 4112; x_wconf 89' lang='lat' dir='ltr'>inter·</span> 
     </span>
    </p>
   </div>
   <div class='ocr_carea' id='block_1_9' title="bbox 0 0 1618 4948">
    <p class='ocr_par' dir='ltr' id='par_1_12' title="bbox 0 0 1618 4948">
     <span class='ocr_line' id='line_1_38' title="bbox 0 0 1618 4948; baseline 0 0"><span class='ocrx_word' id='word_1_333' title='bbox 0 0 1618 4948; x_wconf 95' lang='lat' dir='ltr'> </span> 
     </span>
    </p>
   </div>
  </div>
 </body>
</html>
