3208 4928
282 411 343 474 284
788 414 922 470 Schrader
1042 409 1048 413 ’

281 593 417 670 constat,
440 593 496 654 aut
516 587 679 672 repudiari
701 595 756 654 aut
771 575 909 656 ooer'oeri
932 607 997 653 una
1011 607 1081 653 oum
1097 586 1271 656 Leskienio
1294 591 1337 672 (p.
1354 592 1409 666 23)

280 703 374 768 nego.
419 685 497 752 Sine
525 685 624 752 dubio
653 686 738 752 enim
764 692 796 754 et
816 683 950 770 μάκαρς
979 707 1037 770 pro
1059 683 1170 769 μάκαρ
1194 691 1227 750 et
1247 689 1326 769 χέρς
1348 707 1408 771 pro

277 778 363 865 χείρ,
382 780 447 868 χήρ
470 784 647 851 recentiore
663 782 790 849 demum
805 789 950 868 tempore
971 783 1058 868 apud
1074 783 1215 849 Graeoos
1231 789 1302 849 orta
1323 791 1408 866 sunt,

281 897 352 944 oum
381 887 437 944 aut
463 881 576 965 lingua
601 882 709 948 littera
732 881 866 966 ostirpi
886 881 1008 947 addita
1029 901 1147 947 novum
1160 881 1407 947 nominativum

280 976 455 1044 vetustiore
493 978 723 1047 distinotiorem
760 979 911 1046 formaret
955 979 1007 1056 (of.
1043 980 1208 1062 Brugman
1241 977 1325 1045 stud.
1357 979 1408 1044 IX

281 1078 353 1154 403,
372 1078 447 1153 404)
468 1083 524 1140 aut
545 1077 666 1144 vooalis
686 1077 796 1162 aliqua
817 1077 901 1143 inter
923 1095 1081 1143 oonsonas
1103 1101 1122 1160 ρ
1146 1082 1179 1141 et
1201 1096 1222 1141 σ
1245 1074 1407 1159 quondam

280 1171 386 1254 posita
401 1172 564 1240 excideret
586 1175 636 1251 (of.
649 1179 730 1258 χέρς
752 1195 793 1242 ex
806 1198 927 1261 χερι-ς,
950 1173 1082 1258 μάκαρς
1105 1193 1146 1240 ex
1160 1174 1406 1260 μακαρο-ς(ἳ)).

366 1268 424 1336 His
440 1271 593 1354 expositis
614 1272 679 1338 iam
702 1272 821 1340 adeas
842 1273 931 1356 ipsas
946 1273 1149 1357 quaestiones
1171 1270 1300 1355 prodire
1321 1270 1406 1354 lieet,

280 1365 323 1431 de
344 1367 459 1448 quibus
481 1368 513 1433 in
537 1369 597 1435 hoo
618 1371 731 1438 libello
753 1371 894 1437 maxime
909 1371 1024 1454 agitur.
1060 1370 1150 1435 Prior
1171 1374 1279 1434 autem
1297 1367 1405 1448 oritur,

275 1472 389 1546 Ρᾶίᾶν,
417 1467 559 1548 poimdn,
590 1467 742 1552 dysqenos
769 1469 829 1534 illa
857 1475 962 1534 utrum
985 1467 1081 1534 etiam
1109 1466 1235 1550 primo
1264 1465 1335 1530 illo
1365 1465 1406 1530 iu

280 1560 521 1628 Graecorum
544 1584 728 1633 sermone
748 1567 893 1632 votalem
908 1577 927 1629 o
941 1565 1142 1632 servaverint
1156 1583 1268 1645 neone,
1290 1563 1405 1628 altera:

281 1677 356 1741 qua
378 1660 444 1726 via
466 1661 535 1727 sive
557 1663 700 1744 quibus
723 1664 770 1730 da
793 1665 929 1730 oausis
950 1662 985 1729 in
1006 1661 1269 1728 illis'nominibus
1292 1670 1310 1724 d
1331 1660 1365 1736 in
1385 1684 1404 1746 η

278 1763 433 1822 mutatum
456 1759 645 1825 sumendum
668 1761 717 1827 sit.
1330 1807 1335 1810 -

365 1854 435 1921 Iam
467 1857 528 1921 hoo
561 1857 750 1941 saepissime
780 1857 847 1924 fieri
881 1859 978 1938 solet,
1013 1863 1047 1922 ut
1078 1857 1138 1922 viri
1169 1855 1257 1921 dooti
1283 1854 1407 1921 latinae

281 1960 313 2019 et
341 1972 478 2035 graecae
505 1955 637 2037 linguae
665 1956 726 2022 hao
754 1957 788 2021 in
816 1976 851 2022 re
872 1955 1083 2021 similitudine
1111 1951 1256 2036 perduoti
1286 1951 1406 2017 formas

279 2057 315 2115 ut
332 2061 434 2134 poter,
455 2052 579 2134 poimen
594 2058 653 2119 eto.
675 2053 739 2119 iam
763 2054 793 2120 ei
815 2054 952 2138 tempori
972 2054 1124 2129 tribuant,
1144 2070 1207 2134 quo
1229 2067 1407 2131 europaeas

280 2154 393 2230 gentes
415 2147 456 2212 ab
485 2148 627 2216 asiaticis
655 2149 832 2218 disiunctas
854 2151 1074 2218 eommunibue
1097 2148 1228 2216 sedibus
1257 2145 1341 2212 inter
1369 2164 1406 2212 sa

280 2245 466 2310 eoniunotas
488 2245 609 2312 vixisse
632 2247 751 2314 dieunt.
802 2250 860 2331 At,
889 2256 925 2314 ut
948 2248 988 2315 de
1009 2247 1083 2314 aliis
1105 2253 1246 2326 taoeam,
1274 2243 1407 2326 obstant

280 2342 338 2407 tali
353 2342 533 2410 sententiae
554 2346 759 2427 germanicae
780 2347 892 2412 horum
908 2346 1073 2412 nominum
1095 2343 1227 2421 formae,
1251 2360 1331 2424 quas
1346 2360 1406 2405 suo

279 2439 348 2506 iure
375 2442 569 2508 Leskienius
603 2448 648 2528 (pz
676 2447 726 2510 20.
756 2447 809 2521 24)
842 2443 885 2510 ad
922 2442 1060 2527 *fidem
1088 2439 1231 2514 tuanen,
1265 2462 1331 2507 uon
1359 2440 1405 2506 ad

279 2535 299 2577 *
295 2537 409 2621 foder,
428 2537 556 2602 *dauon
570 2541 704 2606 reduoit.
741 2539 835 2620 Quod
849 2547 956 2607 autem
972 2541 1174 2622 Brugmanus
1188 2557 1291 2621 nuper
1306 2537 1405 2618 (stud.

280 2636 330 2702 IX
353 2631 426 2716 378)
459 2637 584 2721 *sadda
611 2639 747 2722 primam
770 2639 1002 2706 Germanorum
1031 2637 1164 2730 formam
1186 2636 1313 2717 statuit,
1344 2635 1407 2702 hoe

280 2734 395 2818 quibus
418 2735 459 2800 de
481 2737 586 2802 oausis
608 2737 649 2802 eit
670 2737 804 2818 fautum,
827 2736 946 2803 neseio.

365 2831 433 2898 Hoo
462 2853 502 2900 ex
531 2835 675 2919 cognatis
702 2834 821 2917 linguis
848 2833 997 2917 eognosui
1026 2837 1148 2916 potest:
1178 2830 1335 2913 reliquum
1363 2850 1406 2897 ex

278 2929 351 3012 ipsa
371 2949 488 3012 graeea
501 2930 614 3013 lingna
628 2931 802 3015 petendum
826 2938 883 2996 est.
919 2929 1060 3012 Insignis
1075 2928 1160 2995 enim
1176 2928 1266 2994 eleus
1280 2929 1404 3010 titulus,

279 3045 373 3109 quem
406 3046 504 3110 supra
536 3028 690 3110 diximus,
723 3027 902 3093 inauditam
935 3026 1040 3092 adhue
1068 3026 1202 3092 formam
1231 3013 1341 3112 πατᾶρ
1368 3025 1405 3091 in

279 3123 383 3189 luoem
413 3124 555 3206 protulit.
599 3125 704 3209 Atque
732 3124 885 3190 confiteor
912 3143 964 3190 me
992 3123 1117 3212 formae
1137 3120 1185 3186 illi
1213 3121 1309 3188 fidem
1331 3141 1407 3189 esee

278 3221 522 3305 abrogaturum,
551 3224 577 3288 si
602 3242 643 3289 ex
663 3223 785 3307 reliquo
813 3221 897 3288 tituli
925 3221 1012 3287 illius
1040 3225 1187 3287 'sermone
1209 3218 1347 3303 suspioio
1369 3219 1405 3310 in

279 3338 351 3385 eam
372 3318 493 3385 moveri
516 3327 634 3402 posset.
679 3320 758 3387 Oum
779 3326 888 3387 tamen
910 3339 962 3386 res
984 3319 1059 3384 talis
1080 3318 1137 3399 sit,
1165 3322 1201 3382 ut
1222 3316 1405 3399 ubieunque

279 3427 377 3501 apro
400 3441 419 3502 η
443 3416 575 3500 legitur,
603 3417 684 3483 illud
713 3417 755 3484 ad
777 3424 918 3485 veterem
939 3416 1085 3483 vooalem
1112 3424 1130 3478 d
1151 3412 1262 3480 referri
1291 3412 1402 3498 possit,

279 3519 391 3578 eontra
415 3538 435 3599 η
460 3531 501 3579 ex
524 3538 540 3579 ε
563 3521 673 3581 natum
695 3516 747 3595 (oi.
770 3508 919 3600 ποήῖὶτο,
947 3508 1135 3600 modoinum)
1157 3511 1309 3594 religiose
1337 3530 1404 3577 ser-

278 3616 388 3692 vetur,
421 3629 551 3694 prorsus
584 3613 686 3679 falsus
715 3632 786 3680 esse
818 3613 897 3678 mihi
924 3611 1051 3678 videtur
1079 3611 1296 3692 Brugmanus,
1330 3627 1402 3674 oum

278 3707 370 3774 Stud.
391 3709 442 3774 IX
464 3711 525 3774 377
557 3709 656 3776 dieat:
700 3710 861 3788 ,Eretlioh
889 3710 931 3776 ist
959 3730 993 3777 es
1024 3707 1105 3773 doeh
1133 3705 1216 3772 nooh
1245 3705 1320 3772 sehr
1350 3703 1405 3772 die

277 3805 392 3890 Frage,
416 3807 456 3872 ob
479 3806 538 3872 das
561 3818 579 3871 d
599 3808 670 3874 hier
690 3808 757 3874 und
782 3809 817 3874 in
840 3811 1013 3895 φαίνᾶται,
1037 3805 1137 3891 dudd,
1160 3800 1405 3884 ἆποσταλᾶμεν

277 3924 308 3968 u.
324 3903 426 3987 dergl.
449 3905 596 3971 wirklioh
613 3906 717 3972 einem
739 3905 962 3989 gosproohnen
975 3903 1122 3970 reinend
1142 3901 1248 3984 gleioh
1267 3901 1405 3964 kommt.

277 4005 347 4072 Wir
369 4005 475 4070 haben
491 4002 765 4087 sohleohterdings
779 4003 858 4069 kein
873 4001 984 4084 Reoht,
1008 3999 1076 4066 dies
1098 3999 1148 4065 als
1167 4004 1267 4065 etwas
1282 3995 1404 4062 Solbst
