3194 4936
619 471 741 531 Schedne
758 478 956 546 grammaticae.

263 663 295 737 3)
390 659 506 811 *ταῖααϊ
854 669 885 738 4)
1015 664 1128 818 *ϊαῖτάϊ

386 811 509 891 *novoe
1009 817 1141 899 *τέτως

453 898 458 964 l
1079 904 1083 973 Ι

419 964 496 1044 τέας
537 1029 539 1036 ,
1039 971 1126 1125 τέΙως

287 1083 345 1150 τέο
367 1093 443 1239 aelric
487 1094 561 1154 uret.
577 1086 656 1172 τέορ
678 1093 752 1165 aloc
1034 1129 1116 1204 τέως

1075 1208 1081 1278 Ι

370 1247 427 1306 τεῦ
1045 1282 1106 1343 τίω

302 1429 352 1493 De
373 1427 475 1492 forma
496 1431 604 1504 ποῦς,
627 1445 710 1509 quae
731 1427 802 1493 sola
824 1426 898 1492 huie
920 1427 1093 1495 formarum
1115 1433 1276 1499 stemmati
1298 1434 1346 1500 in-

216 1524 278 1590 seri
301 1545 366 1589 non
389 1530 511 1607 potent,
536 1521 709 1606 quidquam
732 1523 809 1589 certi
833 1523 939 1590 dioeve
962 1546 1026 1592 non
1049 1528 1163 1612 audeo,
1186 1551 1258 1596 oum
1279 1553 1345 1597 am·
1417 1543 1420 1548 '

215 1622 345 1704 biguum
361 1622 412 1702 sit,
434 1627 537 1688 utrum
554 1645 570 1686 ε
586 1620 694 1686 littera
708 1627 784 1686 ante
798 1645 820 1684 τ
838 1627 908 1685 orta
923 1641 981 1706 per
996 1626 1244 1694 oontraotionem
1260 1628 1346 1695 faeta

136 1747 139 1752 ·
214 1720 264 1801 sit,
286 1740 329 1785 an
352 1718 395 1786 ad
418 1716 521 1801 ἓμαῦς
542 1717 663 1784 formae
685 1717 787 1784 iustae
809 1719 992 1801 analogiam
1020 1721 1172 1808 formata,
1200 1725 1233 1790 id
1257 1725 1343 1809 quod

213 1817 362 1901 equidem
385 1815 538 1899 suspicor.

298 1913 390 1993 Quod
406 1919 514 1979 autom
529 1912 687 1996 quispiam
704 1912 889 1996 opposuerit
904 1914 1082 1981 ablativum
1105 1919 1248 2000 genetivi
1270 1921 1341 1986 looo

212 2019 399 2094 usurpatum
421 2011 468 2092 ei,
499 2011 553 2092 qui
583 2009 703 2095 formas
724 2010 771 2076 ita
793 2010 950 2094 explieat,
983 2011 1187 2082 difficultates
1215 2037 1339 2101 parare,

212 2108 272 2174 hoe
295 2108 543 2193 explicationem
564 2127 670 2174 meam
685 2127 748 2172 non
771 2107 874 2174 refelli
896 2111 1085 2192 putaverim.
1124 2111 1341 2182 Consimiliter

212 2206 297 2272 enim
320 2207 353 2271 in
375 2206 551 2272 sanseritae
579 2205 711 2288 linguae
737 2204 953 2272 deelinatione
982 2207 1128 2292 stirpium
1151 2216 1184 2276 et
1210 2211 1243 2277 in
1267 2231 1341 2278 aon·

211 2322 307 2368 sonas
329 2309 361 2368 et
382 2303 416 2368 in
439 2303 568 2368 vooales
586 2303 600 2364 i
619 2310 652 2368 et
666 2322 686 2364 α
702 2303 885 2369 exeuntium
908 2305 1003 2370 ambo
1025 2305 1075 2370 illi
1098 2326 1191 2374 oasus
1212 2328 1340 2394 semper

210 2420 275 2465 una
296 2401 398 2465 torma
420 2399 650 2482 exprimuntur.

295 2498 345 2562 De
375 2495 560 2579 vulgaribus
589 2495 748 2577 genetiuis
774 2493 856 2577 ἐμοῦ
880 2502 952 2576 σοῦ,
984 2517 1117 2579 quorum
1145 2498 1187 2566 de
1215 2502 1339 2585 origiue

209 2613 308 2676 supra
329 2591 657 2672 commemoravimus,
680 2591 841 2675 duplioom
857 2592 890 2656 in
907 2592 1037 2657 modum
1061 2585 1166 2677 potest
1186 2596 1338 2666 iudioari:

209 2698 265 2756 aut
286 2690 428 2774 genetivi
445 2696 532 2755 ‚suut
553 2689 715 2756 secundae
738 2688 963 2760 declinationis
986 2689 1028 2754 ad
1050 2691 1235 2774 analogiam
1263 2714 1337 2776 pro·

208 2789 347 2854 nominis
369 2785 543 2871 possessivi
560 2786 698 2869 formati,
721 2792 812 2852 anta
826 2785 982 2851 nominali
1001 2785 1216 2856 deolinationo
1237 2791 1337 2874 plane
1361 2805 1366 2812 ·

207 2884 426 2969 distinguendi
456 2891 530 2951 suut
559 2890 592 2951 et
620 2883 763 2950 eiusdem
791 2883 919 2964 generis
941 2889 1038 2967 atque
1065 2884 1192 2952 dorioae
1213 2887 1335 2957 formae

207 2981 308 3066 έμέος
332 2981 410 3060 τέας
432 2977 567 3048 ablativi
595 2981 748 3066 putandi,
777 2981 831 3062 qui
854 3004 871 3057 ς
891 2979 981 3046 finali
1004 2982 1122 3048 omisso
1144 2987 1335 3053 eontraotio·
1391 2980 1395 2990 ’

148 3083 153 3104 “
205 3101 279 3148 nem
295 3104 332 3146 so
348 3080 507 3146 vooalium
528 3080 563 3146 in
579 3103 618 3144 oo
636 3079 786 3144 usitatam
809 3079 897 3162 passi
920 3085 994 3145 sunt
1015 3077 1114 3163 (ἐμοῦ
1135 3101 1193 3164 pro
1215 3080 1334 3166 *ἒ-με-

205 3177 325 3262 (juta),
350 3184 421 3256 σοῦ,
445 3175 514 3256 σέο,
538 3182 598 3243 σεῦ
620 3195 678 3260 pro
700 3175 902 3260 *oa(s)o(9)).
934 3176 1026 3243 Hane
1041 3177 1169 3260 quidem
1192 3181 1332 3264 expliea-

205 3274 325 3340 tiouem
357 3273 405 3338 illi
438 3273 600 3357 praefero,
634 3281 805 3358 propterea
838 3273 923 3357 qnod
957 3293 1013 3340 eas
1045 3275 1164 3342 formas
1192 3277 1234 3342 ab
1267 3279 1332 3345 illis

205 3369 336 3436 Doridis
357 3369 468 3436 formis
491 3370 670 3436 distrahere
691 3377 747 3436 aut
769 3369 924 3436 divellere
947 3372 1031 3438 nolo.
1075 3373 1146 3438 Iam
1168 3392 1213 3440 oa
1231 3375 1332 3459 expli·

205 3467 332 3534 satione
359 3465 495 3550 probata
515 3466 722 3549 intellegitur,
752 3466 837 3550 quod
864 3474 930 3549 μοῦ
953 3475 985 3535 et
1007 3474 1069 3534 σοῦ
1090 3470 1330 3553 pronominales

205 3584 297 3632 oasus
319 3563 395 3630 laoti
414 3568 489 3629 sunt
503 3563 650 3644 molitiei,
673 3563 791 3630 idnon
810 3566 856 3630 ita
871 3566 986 3631 mirum
1002 3584 1089 3649 esse;
1112 3566 1198 3650 quod
1220 3573 1329 3634 tamen
1409 3580 1415 3600 ¹

203 3663 237 3729 in
266 3661 393 3728 oasibus
426 3661 642 3728 nominalibus
669 3682 729 3728 nos
761 3661 947 3729 offenderet.
999 3663 1037 3728 In
1068 3661 1156 3728 exitu
1185 3663 1330 3746 sigmatis

203 3759 313 3828 omissi
339 3758 500 3842 permulta
527 3763 656 3826 exstant
683 3758 840 3842 exempla.
886 3758 979 3838 Quod
1002 3758 1131 3843 quidem
1157 3760 1328 3828 inondum

203 3878 279 3925 easu
301 3855 511 3938 conspicitur,
540 3854 595 3920 afr.
618 3855 778 3923 ablativos
801 3852 898 3935 οὕτω,
929 3852 1008 3936 ἀνω,
1039 3851 1207 3941 ἀνωτέρω,
1239 3855 1327 3924 ἀνω-

202 3954 301 4033 τάτω,
325 3951 403 4031 ἐἀω,
426 3950 527 4032 κάτω,
551 3949 625 4032 έξω,
648 3949 778 4036 πρόσω,
801 3951 930 4038 πόρρω,
954 3951 1130 4039 ἐγγυτέρω,
1146 3953 1343 4040 ἐγγυτάτω·

202 4049 404 4136 περαιτέρω,
427 4046 609 4136 ἑκαστέρω,
639 4047 824 4130 ἑκαστάτω,
854 4047 1031 4137 ἀπωτέρω,
1056 4046 1234 4118 ἀπωτάτω.
1277 4053 1326 4134 Si-
