3218 4934
592 515 714 590 Schedae
731 486 929 584 grammaticae.
1265 513 1330 602 117·

199 689 311 764 lieres
340 683 469 771 ἄνωγον
497 683 670 750 Ὀνάσιλον
698 722 740 730 -
771 683 909 769 ι’]’ᾶσθαι
938 684 996 763 τὸς
1027 681 1238 771 ἆ(ν)θρώπος
1268 686 1326 766 τὸς

200 785 255 865 dr)
277 791 319 871 τᾷ
339 782 430 872 μάχᾳ
453 784 690 868 ἰκμαμμένος“.

285 883 329 949 Ut
357 883 453 966 igitur
475 883 507 947 in
531 883 580 948 his
603 880 759 965 exemplis
782 879 896 946 Graeci
918 882 1028 950 formis
1052 883 1325 969 praepositionum

201 980 375 1046 decurtatis
402 981 453 1046 usi
481 986 571 1060 sunt,
601 979 647 1043 ita
675 975 717 1042 κά
740 997 866 1063 quoque
895 1000 936 1047 cx
961 979 1046 1046 κατά
1074 983 1128 1049 vel
1157 981 1263 1064 potius
1285 1000 1326 1046 ex
1439 1026 1443 1028 -

199 1075 262 1142 κᾶτ
284 1077 385 1143 lorma
408 1085 510 1144 ortum
533 1075 786 1159 esse-quispiam
809 1077 966 1144 coniiciat.
1009 1079 1051 1144 At
1073 1089 1242 1164 praeterea

287 1175 318 1252 b)
352 1172 395 1240 κά
416 1181 523 1260 potest
544 1175 591 1240 ita
613 1173 777 1257 explicari,
800 1181 835 1239 ut
855 1176 959 1260 ipsam
982 1177 1114 1261 stirpem
1136 1167 1327 1247 breviorem,

202 1291 242 1338 ex
266 1292 329 1354 qna
351 1271 452 1338 κα-τά
476 1272 646 1337 formatum
669 1269 826 1353 est,‘sine
849 1275 1010 1341 secundae
1031 1273 1179 1361 syllabae
1201 1264 1327 1333 addita-

98 1391 110 1397 ‘
200 1376 308 1435 mento
332 1389 350 1436 e
371 1369 586 1437 remotissima
601 1374 721 1454 aetate
747 1378 947 1437 asservatam
971 1391 1042 1438 esse
1065 1369 1219 1436 dicamus.
1263 1365 1327 1429 Nc-

201 1486 263 1550 que
286 1466 411 1550 dcsunt,
435 1484 517 1550 quae
539 1473 574 1531 ut
596 1465 656 1531 hoc
678 1464 746 1531 fieri
768 1466 910 1549 potuisse
933 1466 1155 1549 concedamus,
1180 1484 1240 1530 nos
1262 1482 1326 1527 mo-

200 1570 309 1630 veant.
354 1566 543 1648 Priusquam
566 1563 607 1628 de
630 1582 669 1629 ea
691 1582 726 1629 re
749 1583 966 1648 exponamus,
997 1564 1044 1630 de
1067 1559 1170 1628 cord
1193 1581 1327 1647 praepo-

200 1662 325 1728 sitionis
347 1663 506 1745 origine
528 1659 750 1726 disserendum
774 1667 831 1727 est.

286 1759 330 1826 Ut
351 1762 473 1826 multae
495 1759 734 1845 pronominales
752 1757 868 1842 stirpes
882 1757 1011 1841 saepius
1034 1759 1117 1824 inter
1139 1777 1174 1824 se
1197 1757 1326 1822 coniun-

200 1863 383 1939 guntur-
405 1857 667 1940 conierstirpem
690 1866 739 1918 ta·
759 1855 793 1920 in
817 1847 965 1934 οὗ-το-ς,
989 1851 1140 1934 αὖ-τό-ς,
1163 1857 1229 1926 ete,
1253 1874 1328 1920 can-

203 1941 325 2019 demin
341 1951 544 2035 licead-w,
560 1951 673 2032 πάττε,
696 1953 828 2037 stirpem
845 1977 905 2018 κα·
919 1953 953 2017 in
970 1949 1060 2032 ὅ-κα,
1078 1950 1188 2030 τό-κα,
1207 1949 1327 2031 rud-rot,

200 2048 312 2138 μή-κι,
328 2057 446 2133 rol-ac,
464 2049 565 2131 ori-st,
579 2037 651 2138 ἧ-κι
664 2085 713 2129 -,
729 2051 775 2117 ita
789 2049 1059 2135 praepositionem
1072 2048 1157 2114 κατά
1172 2071 1213 2116 ex
1227 2073 1327 2114 κει-τα

203 2151 411 2233 compositam
435 2170 506 2216 esse
523 2149 587 2215 iam
604 2147 766 2233 Benlcyus
783 2146 849 2225 (Or.
866 2155 898 2214 et
913 2146 987 2214 Ouo.
1002 2147 1036 2212 Il
1053 2151 1125 2226 556)
1149 2148 1328 2233 suspicatus

201 2254 260 2312 est.
305 2246 366 2325 Qui
389 2246 519 2329 quidem
549 2247 598 2311 vir
627 2246 738 2311 doctus
767 2265 878 2330 vocem
902 2240 992 2311 εἶ-τα
1015 2254 1187 2329 comparat.
1234 2245 1328 2312 Adde

202 2341 349 2423 ’ἐπει-τα,
374 2343 486 2430 eres,
509 2346 579 2407 i-tc.
616 2343 685 2408 Nec
707 2342 813 2408 minus
828 2341 930 2408 forma
951 2341 1054 2424 με-τά
1072 2344 1118 2408 sic
1133 2343 1328 2427 explicanda

203 2445 268 2521 est,
302 2460 384 2522 quae
412 2439 681 2521 quemadmodum
709 2458 780 2504 cum
808 2440 944 2504 aliarum
971 2440 1153 2522 linguarum
1180 2439 1328 2524 indoger-

202 2538 400 2602 manicarum
423 2535 533 2601 formis
555 2534 701 2616 cognatis
723 2536 894 2601 coniuncta
921 2536 977 2616 sit,
1008 2537 1168 2620 explicatu
1190 2557 1256 2601 non
1280 2542 1328 2602 est

202 2632 342 2701 difficile.
383 2631 653 2699 Proficiscendum
677 2637 725 2697 cst
748 2651 769 2696 a
792 2631 892 2714 stirpe
913 2653 1005 2706 uma,
1031 2652 1072 2698 ex
1094 2653 1158 2714 qua
1179 2633 1239 2698 hoc
1261 2632 1328 2698 lere

200 2730 373 2798 formarum
396 2738 532 2798 stemma
554 2727 669 2795 deduci
693 2749 788 2812 posse
810 2728 952 2794 videtur:

725 2884 808 2926 Sma-

221 2987 288 3050 ειη.
313 2949 1206 3064 ffi
1309 2963 1311 2968 ’

222 3081 289 3158 (cfr.
307 3080 423 3159 (aldum
434 3081 559 3164 Etym.⁴
577 3085 649 3146 151»
688 3100 745 3164 pre
767 3078 876 3154 (dlmct
1023 3081 1089 3148 (cir.
1106 3077 1293 3164 (σ)μικρός).

286 3215 430 3281 Similem
452 3214 486 3278 in
502 3213 636 3279 ‘modum
661 3211 746 3280 aurci
768 3220 871 3279 ortum
895 3233 965 3280 csse
987 3215 1160 3281 verisimile
1184 3224 1240 3298 est,
1264 3217 1326 3282 nisi

201 3311 286 3393 quod
309 3311 554 3393 praepositionis
569 3312 672 3377 forma
689 3310 842 3395 primaria
864 3313 1094 3395 pronominalis
1110 3313 1218 3395 stirpis
1233 3333 1327 3380 casos

201 3409 454 3474 instrumentalis
476 3416 559 3489 erat,
588 3409 642 3490 qui
670 3408 799 3490 quidem
828 3408 1005 3493 posteriore
1025 3416 1132 3476 aetate
1156 3428 1258 3492 aeque
1280 3416 1327 3475 at·
1360 3411 1361 3415 ’

201 3525 263 3588 que
279 3499 380 3584 εἷ-τα,
404 3501 550 3584 ’ἐπει-τα,
573 3507 642 3579 ira,
668 3504 769 3592 δῆ-τα
792 3506 927 3590 (Etyma
942 3509 1017 3585 620)
1039 3504 1251 3590 amplificatus
1266 3519 1325 3572 est.

200 3601 287 3668 Illud
316 3608 511 3686 postremum
541 3603 722 3687 exemplum
753 3604 854 3689 δῆ-τα
886 3603 1058 3687 praecipue
1086 3603 1172 3687 quod
1200 3623 1325 3688 compa-

201 3708 288 3767 retur
311 3708 359 3766 est
380 3705 501 3784 aptum,
525 3699 600 3782 quia
622 3719 663 3766 ex
684 3700 797 3767 eodem
814 3721 890 3766 casu
907 3702 1052 3766 manavit
1074 3699 1171 3786 (*ὄη-
1185 3729 1228 3752 =
1243 3699 1323 3786 *djc‘r

201 3798 310 3864 confer
332 3797 416 3862 Curt.
440 3798 564 3882 styma
589 3819 620 3883 p.
645 3801 729 3876 620).
775 3797 922 3864 Ceterum
949 3798 1202 3864 instrumentalis
1231 3819 1325 3866 casus

201 3895 329 3979 saepius
351 3893 393 3960 ad
416 3895 670 3980 praepositiones
691 3894 876 3960 formandas
897 3893 1077 3976 adhibetur,
1100 3896 1209 3962 confer
1230 3895 1324 3980 παρά

202 3994 279 4072 (skr.
299 3995 395 4077 perd)
419 3998 450 4059 et
471 3989 534 4058 ἀνά
556 3992 645 4071 (ibid.
669 4014 700 4077 p.
717 3995 800 4069 307).
837 3989 994 4058 Eiusdem
1017 3993 1124 4076 stirpis
1146 4017 1219 4058 κα·
1241 3995 1325 4060 loca-

202 4089 287 4156 tivus
309 4096 357 4156 cst
379 4097 525 4156 servatus
545 4090 581 4155 in
602 4090 762 4176 particula
784 4088 882 4170 ἐ-κεῖ,
905 4110 987 4172 quae
1009 4089 1155 4157 similiter
1177 4111 1214 4156 ao
1231 4088 1273 4154 κά
1290 4091 1324 4156 in
