3208 4928
409 451 412 457 -
514 365 692 484 Duaestiones
711 418 929 488 dialectologicae
945 435 1075 490 graecae..
1290 419 1350 481 311

227 587 300 655 simi
323 594 412 668 sunt,
443 587 557 670 quibus
579 586 737 654 credatur.
781 588 981 674 Quamquam
1011 611 1053 658 ne
1080 592 1122 658 ab
1150 593 1201 659 his
1223 593 1352 677 quidem

230 683 478 767 unumquodque
507 685 623 752 erroris
651 704 752 768 genus
781 686 922 752 alienum
945 697 1003 754 est.
1048 689 1131 755 Nam
1155 709 1226 756 cnm
1254 691 1352 775 longe

228 781 387 847 maximus
408 781 649 866 inscriptionum
670 783 955 860 aeolo-doricarum
971 806 1121 852 numerus
1137 805 1178 852 ex
1191 806 1232 854 66
1246 795 1354 854 661616

229 878 324 943 nobis
355 878 491 946 traditus
518 880 574 961 sit,
609 899 672 962 qua
700 880 944 947 Atheniensium
974 883 1087 949 civitas
1116 890 1148 949 61
1175 883 1352 953 litterarum

229 975 344 1042 studiis
367 982 399 1042 et
420 984 585 1059 poetarum
607 977 704 1044 lande
732 984 859 1061 praeter
881 981 1022 1064 reliquas
1048 980 1198 1064 florebat,
1228 990 1353 1050 mature

97 1069 102 1079 '
229 1093 288 1140 nos
309 1074 343 1138 in
365 1093 474 1140 earum
497 1093 644 1141 sermone
671 1074 814 1142 incidere
836 1075 869 1144 in
891 1079 1103 1144 Atticismi
1131 1080 1269 1162 vestigia
1297 1081 1370 1170 vix¹

228 1171 396 1254 quisquam
426 1171 607 1254 mirabitur;
642 1191 746 1255 neque
775 1174 859 1239 enirn
891 1195 952 1240 uno
984 1182 1126 1259 tempore
1155 1196 1261 1260 neque
1288 1200 1352 1244 uno

161 1283 165 1290 '
228 1270 321 1351 quasi
348 1269 412 1334 ictu
441 1266 536 1355 κοινή
566 1269 638 1351 illa,
674 1263 695 1356 ᾗ
724 1269 851 1348 πάντες
878 1277 1025 1357 χρῶνται
1052 1275 1209 1351 (Bekkeri
1237 1276 1352 1343 anecd.

229 1365 262 1430 Il
285 1369 375 1447 739),
404 1365 551 1433 dialectis
572 1367 652 1452 ipsis
681 1369 715 1432 in
742 1369 849 1451 plebis
872 1388 925 1434 ore
946 1369 1060 1436 florere
1088 1371 1297 1456 pergentibus
1317 1373 1352 1439 in

227 1463 360 1546 publica
386 1462 513 1546 irrepsit
535 1473 750 1531 monumenta.
794 1467 864 1531 lam
886 1486 962 1533 vero
986 1467 1145 1550 duplicem
1167 1468 1199 1532 in
1222 1468 1351 1535 modum

229 1560 370 1626 Atthidis
391 1559 456 1626 rim
480 1563 753 1630 etauctoritatem
776 1565 808 1628 in
835 1564 998 1630 titulorum
1021 1583 1169 1631 sermone
1189 1566 1351 1633 valentem
1455 1561 1458 1566 ’

226 1659 472 1742 agnoscimus..
703 1741 708 1748 ,
978 1655 983 1674 ¹
1049 1739 1054 1744 ¹

313 1756 453 1820 Primum
484 1756 568 1821 enim
598 1756 756 1840 quaedam
786 1761 883 1823 attico
916 1759 1055 1824 sermoni
1086 1758 1215 1843 propria
1243 1760 1289 1826 ita
1318 1761 1353 1827 in

223 1852 313 1936 ipsas
343 1845 497 1920 dialectos
523 1861 654 1937 recepta
681 1861 770 1937 sunt,
799 1862 943 1938 atquae
972 1855 1013 1921 ab
1044 1855 1137 1922 initio
1165 1856 1230 1921 illis
1259 1862 1353 1923 erant

226 1950 402 2032 peculiaria
419 1951 585 2036 paullatim
601 1951 635 2016 in
654 1951 849 2017 oblivionem
868 1953 1111 2020 abducerentur.
1141 1953 1226 2022 Illud
1243 1953 1353 2036 quanti

225 2047 386 2114 interdum
403 2047 446 2114 ad
461 2049 608 2116 vocalem
620 2073 639 2135 η
653 2048 853 2115 efficiendam
868 2050 1022 2116 momenti
1037 2049 1139 2132 inerit,
1156 2051 1190 2116 in
1205 2069 1356 2116 numera·

226 2145 310 2210 libus
331 2147 364 2224 (ξ
385 2149 418 2220 9)
440 2146 656 2228 cognovimns.

314 2241 440 2307 Deinde
467 2243 528 2306 lroe
554 2243 742 2324 saepissime
765 2244 896 2325 accidit,
927 2252 961 2310 ut
990 2245 1153 2310 titulorum
1182 2244 1353 2327 scriptores

225 2338 315 2404 attici
337 2338 493 2403 sermonis
514 2339 607 2421 periti
628 2338 697 2404 sive
718 2340 913 2404 accuratiore
936 2342 1085 2423 propriae
1101 2340 1230 2406 dialecti
1246 2342 1353 2424 cogni·

106 2501 117 2519 ,
226 2435 314 2500 tione
344 2433 486 2500 destituti
513 2433 581 2499 sive
610 2433 817 2516 neglegentia
845 2433 984 2516 quadam
1014 2435 1112 2501 animi
1142 2435 1286 2519 perducti
1309 2435 1351 2502 ad

225 2533 342 2598 atticas
362 2530 481 2597 formas
502 2531 554 2596 vel
577 2530 669 2594 inviti
691 2531 925 2596 delaberentur.
970 2533 1165 2615 Magnopere
1187 2531 1273 2599 enim
1295 2533 1354 2597 ali·
1446 2532 1455 2544 ⁸

226 2616 298 2712 quis
320 2629 484 2707 erraverit,
507 2629 534 2694 si
556 2629 736 2710 ubicunque
758 2628 856 2693 attica
877 2628 993 2711 legitur
1009 2629 1120 2709 torma,
1143 2629 1177 2693 in
1198 2629 1270 2713 ipsa
1286 2628 1354 2694 dia·

227 2728 310 2794 lecto
346 2746 419 2793 eam
455 2727 596 2792 valuisse
635 2725 833 2790 iudicaverit.
892 2726 961 2792 Hoo
994 2745 1070 2792 vero
1103 2727 1218 2792 erroris
1250 2746 1353 2809 genus

227 2825 367 2891 maxime
393 2823 427 2888 in
456 2829 566 2888 nostra
588 2822 805 2907 disputatione
830 2821 1066 2905 respiciendum
1089 2843 1160 2890 esee
1182 2842 1276 2888 nemo
1299 2842 1353 2889 ne·

225 2923 325 3006 gabit.
372 2921 465 2988 Velut
487 2919 572 3004 qnod
594 2926 707 2986 contra
728 2919 899 2986 universae
920 2920 1050 2986 Doridis
1079 2919 1295 2987 testimoninm
1317 2920 1353 2985 in

224 3020 292 3086 tab.
315 3018 391 3084 and.
414 3023 433 3084 6
462 3013 568 3104 ἡμέρα
597 3039 654 3101 pro
677 3013 785 3101 ἅμ’έρα
806 3038 837 3082 v.
861 3021 918 3100 72,
945 3021 1001 3081 111
1032 3018 1159 3100 legitur,
1190 3017 1250 3083 hoo
1278 3018 1353 3084 sori·

226 3117 327 3199 ptoris
348 3114 573 3199 neglegentiae
595 3116 734 3181 tribuere
756 3113 827 3197 quis
855 3121 904 3181 est
931 3113 984 3196 qui
1007 3113 1156 3180 dubitet?
1197 3113 1287 3180 idem
1311 3113 1353 3182 de

226 3231 321 3278 mess.
342 3210 418 3275 and.
445 3215 501 3275 101
528 3209 699 3296 δημόσιαι
718 3209 839 3292 δᾶμος,
861 3210 947 3278 idem
965 3210 1006 3278 de
1020 3218 1096 3278 6161.
1120 3208 1219 3296 imina
1243 3211 1354 3294 (Berg-
1473 3273 1476 3278 ,

226 3328 325 3374 mann
350 3310 483 3372 18601.
507 3309 536 3371 9.
560 3309 613 3381 68)
635 3327 692 3391 pro
716 3303 832 3390 εἰράνα
853 3309 950 3374 16161.

181 3451 187 3456 -
313 3402 639 3486 Ahreneinsquidem
666 3404 806 3481 (11127)
835 3423 877 3470 ne
905 3404 1031 3469 tertium
1054 3402 1182 3486 quidem
1213 3423 1351 3470 errorem

225 3522 248 3567 6
269 3501 371 3566 titulis
393 3501 534 3566 alienum
557 3499 655 3567 inisse
676 3500 857 3568 existumat.
903 3499 987 3565 Dicit
1008 3499 1113 3565 enim:
1136 3499 1190 3578 „in
1213 3499 1350 3567 eundem

225 3617 366 3665 errorem
395 3597 443 3676 [oi.
472 3597 681 3682 „saepissime
703 3598 820 3663 iactum
843 3604 906 3680 est,
936 3603 970 3661 ut
998 3595 1195 3662 accuratiore
1221 3597 1352 3664 Doridis

225 3695 408 3779 cognitione
432 3693 573 3761 destituti
595 3694 793 3760 notissimam
815 3695 909 3761 istam
932 3692 1140 3758 mutationem
1164 3698 1209 3758 d:
1221 3718 1244 3788 ῃ
1268 3692 1353 3760 61116
1402 3749 1411 3770 ,

226 3795 368 3877 ipsorum
393 3791 594 3857 Doriensium
624 3792 887 3858 consuetudinem
909 3791 1132 3873 usurparent“]
1162 3789 1249 3855 haud
1280 3809 1352 3856 raro

226 3890 289 3974 ipsi
325 3896 440 3971 poetae
477 3895 509 3953 et
540 3888 711 3973 scriptores
742 3887 940 3970 inciderunt,
978 3887 1031 3970 qni
1068 3893 1142 3970 post
1174 3886 1353 3953 Alexandri

227 3994 365 4053 aetatem
389 3985 540 4051 Doricam
562 3983 733 4052 dialectum
756 3991 826 4052 arte
847 3985 963 4051 imitati
986 3989 1072 4050 sunt.
1118 3981 1214 4051 Unde
1234 3985 1355 4050 iactum
