3226 4948
512 464 553 519 De
572 464 710 520 Alcmanis
728 469 826 536 poetae
844 466 967 521 dialecto.
1241 463 1304 527 353
1339 522 1341 531 ,
1375 487 1377 490 ·

178 635 293 716 tergo
316 635 353 700 tr.
378 641 427 700 31.
474 628 680 702 Dubitantius
703 635 801 701 νόον
824 636 940 717 affero,
971 656 1065 719 quam
1089 658 1199 704 vocem
1222 641 1304 705 anti·

176 736 284 817 quitus
299 759 320 798 ν
334 734 521 800 instructam
543 735 641 801 inisse
663 735 929 801 verisimillimum
949 740 997 800 est
1019 733 1054 798 ir.
1072 739 1122 800 42.
1138 771 1180 782 -
1196 738 1304 804 Durae

177 833 307 898 vocales
329 839 512 898 contractae
535 831 773 914 conspiciuntur
792 833 825 896 in
849 833 899 898 his
914 831 1059 896 vocibus:
1083 829 1206 899 ἅλιον
1228 856 1304 919 pap.

177 933 243 994 2.7
268 948 308 995 ex
324 924 447 1006 ἀέλιον,
472 931 557 1013 quod
580 930 667 1012 apud
682 930 857 995 Pindarum
881 949 1006 1011 quoque
1028 929 1199 1014 invenitur,
1225 933 1304 1016 legit

177 1028 281 1108 Elaos,
305 1046 376 1092 curn
398 1028 524 1094 Ahrens
546 1024 666 1092 νάὸιον
688 1026 858 1110 praeterat.
895 1025 1046 1092 κλεννὰ
1069 1047 1143 1112 pap.
1167 1032 1198 1093 2.
1224 1035 1261 1094 10
1285 1049 1304 1096 e

121 1130 123 1133 ’
176 1123 325 1191 strennui.
360 1131 448 1210 φῶς
469 1128 627 1208 pap.2.6
650 1145 690 1191 ex
713 1122 812 1210 φάος.
850 1129 975 1211 φαίνην
996 1130 1109 1190 contra
1131 1145 1205 1208 pap.
1229 1129 1301 1190 29

177 1222 305 1304 (Elaos),
329 1222 414 1306 quod
438 1220 505 1308 φήν
519 1247 556 1287 ,ν
579 1221 689 1304 Bergk
712 1228 744 1288 et
762 1223 888 1288 Ahrens
910 1223 1031 1304 legunt,
1055 1221 1107 1287 hic
1129 1243 1194 1289 non
1216 1231 1303 1290 recte
1391 1261 1397 1272 ·

175 1319 219 1384 ad
243 1324 386 1406 φαείνην
409 1321 587 1402 reduxerit,
619 1340 690 1384 cum
713 1320 819 1403 potius
841 1340 862 1385 a
884 1319 982 1402 stirpe
1011 1342 1079 1404 ῳον
1106 1319 1303 1388 descendere

175 1416 333 1483 videatur.
367 1418 405 1484 ci.
422 1418 508 1485 Ourt.
533 1418 645 1485 (indust
667 1420 740 1481 297.
789 1413 1099 1482 Οἰνουντιάδαν
1122 1416 1158 1481 fr.
1177 1423 1243 1497 117·
1260 1437 1300 1484 ex

178 1511 431 1583 Οἰνοεννιάδαν.
482 1512 640 1601 ἀγροῖκος
674 1514 711 1580 ir.
739 1510 779 1578 25
813 1513 983 1598 Chrysipp.
1018 1514 1099 1596 περὶ
1128 1509 1302 1600 ἀποφατι-
1415 1548 1418 1562 ·

175 1616 242 1676 κῶν
265 1632 291 1678 c.
316 1618 353 1678 21
373 1615 537 1711 praebet,
567 1609 684 1695 ἄγριος
711 1612 824 1695 Steph.
845 1611 923 1696 Byr.
946 1630 976 1675 v.
996 1607 1168 1696 Ἔροοίχη,
1199 1631 1302 1696 equa

173 1711 311 1777 lectione
333 1712 374 1777 M.
399 1711 544 1778 Schmidt
574 1718 605 1776 et
627 1712 753 1776 Ahrens
782 1710 985 1792 suspicantur
1013 1704 1148 1791 ἀγρεῖος
1170 1717 1299 1793 poetam

173 1808 341 1890 sumpsisse
354 1809 476 1890 (Bergk
492 1805 673 1892 ἄγροικος).
696 1843 739 1854 -
762 1807 874 1892 Utrum
897 1807 959 1872 hae
982 1803 1103 1871 formae
1118 1813 1299 1874 contractae
1406 1820 1411 1827 '

172 1923 213 1968 ex
229 1905 389 1971 Laconica
404 1905 541 1972 dialecto
561 1907 689 1988 petitae,
705 1926 747 1970 an
762 1904 804 1970 ab
820 1904 881 1970 hac
899 1898 1028 1970 alienae
1042 1901 1167 1984 tuerint,
1188 1911 1301 1988 postea

171 2010 350 2083 quaeretur.
822 2062 824 2066 .
1168 1993 1182 2005 ’

214 2106 222 2119 “
257 2100 332 2166 Alia
354 2101 499 2167 condicio
522 2107 570 2166 est
590 2100 749 2167 vocalium
766 2099 925 2182 durarum,
950 2118 1032 2181 quae
1048 2120 1069 2163 σ
1083 2100 1136 2164 vei
1150 2099 1175 2183 j
1195 2099 1297 2182 ejecto

169 2213 208 2260 se
230 2197 447 2278 excipiebant:

258 2295 435 2359 oscetin
464 2294 582 2358 Dorica
612 2295 748 2360 dialecto
779 2313 906 2376 semper
936 2294 1166 2359 contrahuntur
1195 2314 1300 2377 neque
1386 2361 1390 2367 .

173 2389 241 2453 ulla
262 2391 368 2455 solnta
382 2390 483 2455 forma
498 2390 586 2472 apud
601 2391 789 2456 Alcmancm
811 2391 977 2472 reperitur.
1010 2389 1050 2453 cf.
1066 2392 1085 2467 ξ
1101 2393 1130 2454 7.
1153 2383 1298 2456 -Ἰῐοω

173 2509 214 2549 oo
238 2493 270 2551 et
284 2510 334 2550 οω
351 2506 476 2570 semper
499 2493 532 2552 et
553 2487 587 2551 in
604 2488 720 2552 Dorica
743 2487 882 2552 dialecto
905 2493 937 2553 et
954 2486 989 2551 in
1004 2485 1198 2551 Alcmanicis
1214 2486 1298 2568 trag-

172 2585 289 2649 mentis
311 2585 514 2665 coalnerunt,
545 2584 607 2648 nisi
630 2582 715 2666 qnod
735 2580 947 2665 Ἀλκμάων
970 2582 1006 2646 fr.
1031 2584 1069 2644 71
1094 2583 1297 2667 conspicitur,

141 2756 144 2764 ¹
171 2701 241 2746 cum
257 2681 418 2748 Laconica
439 2681 535 2764 hujus
558 2680 695 2746 nominis
716 2681 818 2745 forma
833 2680 870 2745 fr.
890 2685 927 2744 17
947 2686 1116 2778 appareat.
1153 2680 1297 2746 Alterum

169 2772 297 2845 ‘solutae
319 2779 440 2846 formae
455 2780 637 2862 exemplum
654 2778 688 2843 in
705 2777 836 2859 Bergkii
852 2776 948 2843 tertia
970 2775 1140 2860 lyricorum
1156 2776 1297 2844 editione

171 2875 307 2958 legimus
329 2877 365 2943 ir.
383 2881 433 2942 34.
451 2881 469 2940 5
490 2878 588 2960 χερσὶ
611 2874 780 2942 λεόντειον
802 2872 886 2957 γάλα
906 2872 1066 2960 &rica-o,
1090 2873 1147 2939 sed
1170 2874 1297 2940 codices
1382 2927 1384 2934 ,

168 2972 231 3056 ipsi
254 2975 408 3058 majorem
431 2973 527 3041 fidem
556 2975 678 3040 iaciunt
706 2979 888 3038 contractae
918 2972 1040 3037 formae
1064 2969 1158 3056 θήσω
1187 2973 1297 3055 (χερσὶ

170 3071 321 3138 λεοννέον
345 3071 583 3152 anapaestos),
607 3089 690 3155 quae
712 3077 812 3136 metro
836 3089 901 3135 non
923 3076 1091 3152 repugnat.
1126 3068 1165 3134 cf.
1182 3065 1296 3152 ἐπρίω,

169 3169 255 3250 quod
270 3171 431 3236 'Doricum
461 3190 532 3236 csse
563 3176 696 3236 testatur
724 3167 950 3250 grammaticus
978 3167 1011 3230 in
1041 3163 1163 3234 Anecd.
1192 3165 1295 3233 Oxon.

170 3265 308 3330 111241.
327 3271 375 3330 11.
413 3268 451 3330 ct.
467 3270 487 3347 ξ
504 3271 533 3332 6.
556 3303 598 3312 -
621 3289 656 3330 so
679 3272 711 3330 et
733 3287 778 3329 εω
800 3263 975 3331 secundum
998 3264 1103 3346 legem
1125 3265 1295 3331 severioris

171 3362 300 3428 Doridis
321 3383 386 3428 non
405 3363 650 3429 contrahuntur:
674 3357 832 3437 ἄνθεος
854 3361 891 3425 ir.
910 3364 986 3444 1173
1011 3359 1159 3437 ἐ’ννεος
1181 3361 1217 3425 fr.
1235 3365 1294 3445 333

167 3463 236 3523 τέο
260 3460 369 3544 tr.1e;
394 3459 526 3526 ἐντέων
548 3461 657 3540 fr.45;
682 3453 819 3539 ἁμέων
843 3459 952 3540 tr.ee;
977 3453 1107 3540 ὀρέων
1129 3458 1234 3522 froc.
1261 3462 1294 3540 13

170 3549 1292 3640 ἀνίοδεο11.113;·αἰνέονοιω.66;ὁοκέωνῐν.87;ὁρέων

122 3681 127 3687 ·
168 3653 265 3736 ibid.;
287 3649 419 3740 ἀδολφ
430 3654 494 3720 οδε
505 3665 569 3730 οῖς
585 3645 621 3718 fr.
639 3656 688 3719 56.
720 3652 976 3720 contractionem
992 3653 1025 3718 in
1042 3676 1088 3731 av,
1109 3671 1192 3734 qnae
1206 3653 1294 3735 apud

170 3751 264 3816 Iones
287 3757 319 3816 et
337 3752 509 3818 nonnullos
526 3751 698 3817 Dorienses
713 3751 824 3835 valuit,
848 3751 957 3834 Bergk
972 3749 1121 3815 Alemani
1136 3749 1293 3834 concedit,

169 3847 292 3914 cum'fr.
309 3851 349 3912 72
366 3848 516 3934 σκάφεος
538 3868 595 3932 pro
616 3840 909 3932 crepacescribat.
938 3849 1049 3914 Potest
1063 3845 1179 3928 aliquis
1194 3846 1294 3912 offen-

171 3944 246 4012 dere
261 3947 294 4011 in
310 3965 359 4030 eo,
382 3946 467 4030 quod
485 3946 544 4011 viri
566 3945 651 4012 docti
665 3945 699 4010 in
718 3967 832 4030 papyr.
849 3949 878 4010 3.
895 3952 913 4011 5
936 3951 1125 4029 receperunt
1147 3943 1292 4010 ἐνθοῖοα

170 4038 360 4121 (ἀνθοῦοο).
407 4045 488 4109 Nam
523 4063 593 4108 cum
623 4043 702 4108 haec
731 4063 796 4108 non
824 4061 900 4109 vere
932 4043 974 4108 sit
1001 4040 1159 4108 Lesbiaco
1190 4041 1293 4108 forma

221 4144 322 4187 Casurus
336 4157 356 4186 n.
371 4145 494 4192 encoma.
514 4144 607 4186 Studien
620 4144 644 4184 X.
1055 4144 1087 4195 23
