3208 4928
297 459 359 522 344
811 459 903 528 Spiess

297 635 349 704 hic
370 634 477 704 brevis
500 652 627 717 quoque
648 632 782 714 vocalis,
803 637 976 716 augmento
998 637 1165 715 poetarum
1184 649 1273 696 moro
1295 631 1428 710 omisso,

299 732 395 804 statui
411 738 526 816 potest.
557 728 735 813 ἐπαμμένει
754 730 824 796 cod.
841 727 1009 813 ἑπόμεναι
1031 728 1067 795 ir.
1084 733 1125 794 26
1149 729 1308 810 (Hartung
1327 725 1429 794 ἐπει-

298 836 405 913 μένο).
450 829 529 895 Cum
551 851 570 913 η
594 848 652 911 pro
675 851 712 906 o,
744 828 796 894 vel
825 828 931 912 potius
960 847 1030 894 cunr
1054 852 1095 912 ηε
1118 846 1176 910 pro
1199 851 1240 890 ου
1271 824 1428 891 traditum

299 935 348 996 est
370 924 524 1014 ηὔλησε
548 925 585 990 ir.
609 928 659 1004 82,
683 923 769 1007 quod
790 927 929 994 correxit
951 925 1071 1008 Bergk.
1094 925 1196 990 -In
1219 921 1342 989 aulius
1363 924 1430 1002 -αξ

299 1032 332 1092 et
353 1048 436 1090 -ονα
464 1023 611 1089 videmus
639 1022 777 1089 eundem
806 1044 897 1090 usum
921 1023 1134 1090 Doriensium.
1178 1020 1274 1105 Apud
1296 1020 1430 1086 Alcma-

300 1141 390 1188 nem:
427 1119 597 1204 ἱέρακος
619 1119 656 1184 ir.
679 1123 736 1203 28,
765 1140 837 1186 curn
859 1122 952 1206 opica
972 1122 1074 1186 forma
1096 1120 1137 1186 sit
1160 1118 1305 1206 ἱέρηκος.
1349 1123 1430 1182 Σε-

300 1217 429 1296 λάνας
445 1218 482 1284 lr.
498 1221 549 1296 48.
579 1217 728 1282 Alcmani
744 1218 891 1285 tribuitur
904 1219 1014 1302 glossa
1029 1217 1183 1302 Hesychii
1194 1209 1428 1282 Ἀσαναίων.

301 1353 343 1364 -
372 1317 478 1383 Unum
501 1316 681 1399 exemplum
706 1316 812 1381 Dorici
836 1340 857 1380 a
880 1316 912 1382 in
935 1318 1041 1401 priore
1064 1321 1156 1399 parto
1178 1313 1428 1398 compositorum

299 1415 473 1499 reperitur:
497 1410 730 1494 καναχάιιοδ
735 1436 756 1477 οι
772 1433 846 1498 pap.
860 1418 889 1479 2.
909 1420 957 1479 14.
973 1451 1015 1462 -
1030 1413 1168 1480 Radices
1183 1402 1216 1477 in
1235 1411 1429 1478 &exeuntes

300 1514 353 1580 vol
377 1509 398 1576 ἄ
421 1511 621 1577 continentes
650 1511 830 1593 producunt
852 1513 997 1578 vocalem
1019 1513 1052 1578 in
1075 1509 1250 1575 formandis
1273 1509 1429 1591 stirpibus

302 1611 419 1676 Dorico
440 1609 472 1673 in
496 1632 527 1686 c,
550 1609 646 1691 vulgo
669 1610 702 1673 in
719 1634 749 1696 η.
780 1609 876 1675 Illam
899 1610 1055 1674 rationem
1079 1615 1229 1674 secuntur
1250 1606 1337 1690 apud
1353 1607 1430 1671 Alc-

197 1717 206 1740 “
302 1727 446 1775 manem:
485 1703 687 1772 σεοὶσειεν
717 1726 793 1790 pap.
817 1710 846 1772 2.
873 1709 928 1789 125
957 1716 1112 1791 φασεῖς
1134 1725 1207 1788 pap.
1232 1707 1262 1769 3.
1286 1708 1321 1787 53
1351 1702 1429 1786 ἐ’βα

302 1826 377 1892 pap.
404 1810 429 1867 l.
454 1807 510 1885 203
543 1803 700 1868 λέλακε
728 1823 803 1886 pap.
834 1807 862 1868 3.
896 1807 950 1885 173
986 1801 1142 1868 δ’ποδεν
1171 1803 1230 1881 (sie
1259 1801 1358 1867 schol.
1387 1802 1429 1866 Il.

302 1928 323 1968 α
347 1905 425 1982 222,
455 1920 525 1967 eum
549 1900 654 1966 (iram.
677 1899 796 1966 Anccd.
821 1899 924 1967 Oxou.
948 1901 993 1966 IV
1017 1906 1088 1967 409.
1116 1905 1152 1967 te
1182 1900 1318 1982 aliisquo
1346 1898 1430 1963 locis

302 2001 407 2066 minus
430 2004 514 2064 recte
544 1995 667 2063 ἔπαλλε
690 1996 842 2064 traditum
865 1999 917 2073 sit)
944 1999 980 2062 ir.
1005 2002 1055 2064 69.
1101 1999 1272 2082 Vulgarum
1292 1997 1431 2062 formam

302 2097 407 2163 cernis
436 2095 470 2159 iu
499 2113 577 2160 voce
605 2099 790 2180 μέμηνεν
819 2096 855 2159 ir.
880 2098 936 2178 683
966 2096 1021 2161 vix
1049 2102 1135 2162 recte
1163 2093 1319 2182 κεκληγει
1346 2095 1428 2160 lai

302 2192 454 2259 traditum
484 2199 533 2256 cst
561 2191 681 2272 (Bergk
705 2190 841 2275 adaloy'
864 2222 908 2246 =
930 2191 1046 2278 ἔκλαγε
1075 2193 1233 2276 conjecit).
1278 2193 1429 2272 Nomina,

304 2309 387 2373 quae
416 2307 518 2370 acque
546 2295 643 2371 atque
671 2288 751 2354 hacc
783 2291 882 2356 verba
911 2291 1096 2370 formantur,
1126 2310 1198 2357 cunr
1220 2315 1242 2354 α
1264 2291 1429 2374 leguntur:
1512 2341 1515 2348 .
1593 2297 1594 2308 ¹

304 2391 484 2470 μνᾶσνιν
508 2387 544 2451 ir.
569 2389 623 2467 64,
650 2385 784 2471 νεαγδν
807 2409 881 2473 pap.
906 2393 935 2453 2.
961 2393 1008 2454 13.
1031 2425 1075 2436 -
1097 2388 1224 2454 Deinde
1246 2389 1327 2454 haee
1348 2387 1445 2452 ratio.

304 2486 338 2551 in
362 2485 497 2568 singulis
512 2483 710 2573 »quibusdam
733 2487 865 2552 vocibus
887 2487 984 2568 valet,
1008 2506 1087 2568 quas
1109 2506 1150 2552 ex
1172 2486 1271 2551 variis
1293 2485 1432 2550 Doricae

304 2583 434 2649 dialecti
457 2581 597 2648 lontibus
620 2583 856 2665 cognoscimus:
884 2577 987 2666 ἁμὲς
1009 2585 1045 2650 ir.
1070 2588 1128 2667 65,
1153 2577 1287 2666 ἁμέων
1311 2583 1349 2646 fr.
1372 2586 1431 2665 663

193 2714 197 2726 -
305 2673 406 2762 ἇμιν
429 2700 504 2763 pap.
522 2682 550 2742 2.
568 2683 603 2761 73
628 2682 656 2743 2.
681 2680 738 2762 2'63
762 2679 877 2765 tr.77;'
898 2681 935 2746 fr.
953 2685 1006 2764 783
1031 2677 1136 2762 ἁμὸς
1158 2680 1195 2746 fr.
1213 2676 1430 2764 edelfled

305 2799 379 2862 pap.
404 2781 432 2843 2.
458 2781 492 2860 8;
520 2772 765 2862 Άγηοιχόροι
795 2799 870 2862 pap.
894 2782 923 2841 2.
950 2782 1003 2861 193
1031 2775 1214 2861 χοραγός
1243 2799 1319 2862 pap.
1342 2781 1371 2841 2.
1395 2781 1431 2860 9,

304 2873 564 2959 μελιγάρυες
587 2875 623 2939 lr.
643 2877 699 2958 263
724 2873 894 2954 ζατεύει
915 2877 953 2942 ir.
970 2880 1026 2959 33;
1050 2872 1181 2942 κάδεα
1203 2877 1240 2940 lr.
1263 2879 1320 2958 993
1345 2881 1432 2959 κᾶρα

305 2972 376 3039 eod.
393 2970 497 3053 κάρον
513 2973 550 3036 ir.
568 2975 622 3053 563
647 2972 723 3036 λᾶδ
731 2996 748 3036 ο
757 2997 774 3048 ς
789 2974 843 3038 vel
859 2973 961 3058 λᾷδος
976 2973 1012 3038 ir.
1029 2976 1085 3056 963
1110 2973 1306 3038 Λατοΐδα
1322 2973 1359 3038 ir.
1378 2975 1431 3056 195

257 3110 262 3116 -
306 3066 601 3148 aoddnclovlr.
618 3071 675 3148 903
699 3066 1016 3152 decumanae&
1040 3069 1268 3154 οαοάμωδε.
1285 3075 1341 3154 74;
1366 3092 1433 3136 σι-

308 3162 420 3245 δάρω
443 3163 480 3228 ir.
497 3169 548 3229 36.
587 3166 693 3230 Etiam
717 3163 870 3232 δάνιον
893 3168 955 3233 huc
976 3167 1078 3235 refero
1094 3169 1138 3236 ir.
1164 3173 1213 3251 79,
1237 3187 1432 3252 quamquam

307 3263 488 3328 Priscianus
510 3285 532 3325 α
554 3262 684 3329 brevem
707 3264 858 3331 habuisse
873 3265 1000 3333 videtur
1015 3273 1047 3332 et
1068 3266 1204 3349 pristina
1221 3267 1309 3333 vocis
1331 3266 1434 3332 forma

309 3356 427 3427 δδειον
449 3358 552 3425 luerit.
587 3360 744 3443 Volgares
766 3361 887 3430 formae
902 3370 1016 3430 extant
1037 3364 1113 3429 hae:
1137 3359 1304 3450 ἡγεῖται
1326 3364 1364 3429 ir.
1379 3367 1433 3446 93,

308 3453 539 3545 ἦδομὲοταεος
561 3456 598 3522 fr.
625 3461 682 3523 tet
711 3460 964 3541 lSehneidewin,
989 3461 1097 3543 Bergk
1119 3455 1187 3545 ἅμ,
1210 3456 1298 3546 oid->3
1328 3483 1435 3544 προ-

308 3558 495 3640 μηθείας
518 3555 555 3619 ir.
572 3559 611 3620 62
636 3557 885 3639 (Schneidewin,
908 3558 1015 3640 Bergk
1026 3563 1279 3644 ,προμαθείαςμ
1304 3557 1434 3642 δῆμος

308 3654 346 3719 ir.
370 3655 410 3716 49
432 3651 554 3735 (Bergk
577 3652 712 3734 δᾶμος),
736 3655 794 3720 scd
818 3655 935 3720 Dorica
957 3655 1059 3721 iorma
1082 3653 1213 3736 δᾶμος
1234 3656 1273 3721 fr.
1296 3660 1346 3721 33.

395 3750 507 3822 Altera
530 3769 636 3831 causa,
663 3771 718 3816 cnr
739 3753 773 3817 in
796 3752 913 3818 Dorica
934 3756 967 3817 ct
988 3751 1121 3819 Aeolica
1144 3753 1289 3820 dialectis
1311 3753 1435 3820 vocalis

310 3872 332 3912 α
354 3853 522 3931 tantopere
544 3850 740 3932 praevaleat,
763 3856 812 3916 cst
833 3849 918 3932 quod
939 3849 973 3913 in
995 3849 1035 3914 iis
1056 3873 1097 3914 co
1121 3856 1153 3916 ct
1175 3874 1224 3914 οω
1242 3870 1341 3934 saepe
1362 3853 1395 3915 in
1412 3875 1435 3914 α

311 3964 376 4010 non
397 3945 431 4009 in
455 3967 481 4007 ω
503 3952 667 4011 contracta
689 3955 772 4013 sunt.
809 3947 902 4026 Quod
924 3965 1056 4030 semper.
1072 3948 1190 4013 iactum
1213 3948 1315 4015 estin
1337 3967 1437 4031 gene·

311 4043 377 4112 tivo
407 4041 530 4125 primas
563 4042 804 4126 declinationis,
835 4063 917 4127 quae
949 4045 1070 4110 formae
1104 4064 1214 4111 omnes
1246 4044 1333 4134 apud
1361 4046 1463 4128 Alc·⁴
1594 4103 1595 4120 ,
