3208 4928
381 538 383 541 ,
468 481 645 550 Quaestiones
664 481 1022 553 dialectologieae-graeeae.
1069 559 1077 584 Ι
1259 484 1321 547 307

196 659 312 732 staret,
346 669 505 735 quaenam
535 652 673 737 duplieis
702 654 790 722 illius
818 657 940 722 vooalis
968 659 1211 737 emutationis,
1241 677 1324 741 quae

194 756 228 819 in
244 751 392 819 omnibus
408 751 555 833 Europae
577 750 695 834 linguis
710 753 913 836 conspicitur,
936 773 1052 820 oausae
1066 754 1193 820 luerint.
1225 756 1324 839 Brug-

194 870 309 916 manus
331 847 460 931 quidem
490 847 584 926 (stud.
608 849 656 914 lX
679 852 751 914 379.
775 852 850 927 382)
877 849 910 914 in
940 850 992 916 his
1015 870 1143 934 quoque
1164 855 1323 934 quaestio·

194 949 289 1014 nibus
310 945 517 1029 sagaeissime
539 953 571 1012 et
592 945 775 1012 deotissime
803 953 950 1012 versatus
972 953 1038 1029 est,
1068 968 1140 1014 eum
1161 950 1322 1015 vocalium

193 1045 283 1111 illam
314 1042 528 1110 differentiam
556 1043 621 1108 iam
656 1043 768 1126 primis
801 1044 910 1127 indog.
937 1045 1135 1128 temporibus
1170 1054 1324 1114 areentns

193 1143 352 1209 varietate
373 1147 474 1206 ortam
497 1159 570 1206 esse
590 1141 699 1206 vellet.
743 1140 945 1224 Quamquam
972 1143 1033 1208 hoo
1059 1143 1092 1206 in
1118 1145 1165 1209 rei
1188 1144 1323 1210 difficul-

193 1247 262 1306 tate
290 1240 406 1306 leviter
426 1238 479 1303 hio
500 1237 644 1320 tetigisse
666 1237 814 1318 sufficiet,
844 1258 915 1303 oum
943 1241 1132 1322 praesertim
1155 1242 1205 1307 his
1227 1243 1324 1309 rebus
1414 1234 1423 1254 ⁸

194 1338 237 1404 ad
260 1343 386 1403 nostras
408 1336 611 1418 quaestiones
632 1334 714 1400 nihil
729 1334 893 1401 effieiatnr.
923 1337 993 1402 Hoo
1008 1338 1094 1402 enim
1116 1339 1205 1403 nullo
1227 1339 1323 1404 modo

197 1434 309 1518 negari
336 1438 459 1515 potest,
488 1432 543 1496 diu
574 1438 646 1517 post
668 1432 775 1498 brevis
795 1434 917 1499 voealis
939 1457 961 1498 α
982 1434 1016 1499 in
1040 1458 1056 1500 a
1079 1440 1113 1501 et
1134 1457 1152 1499 o
1175 1435 1324 1500 mutatio·

195 1552 269 1598 nem
292 1529 479 1614 productam
501 1530 647 1595 voealem
667 1528 819 1595 intaetam
842 1531 1006 1596 restitisse.

280 1627 513 1710 conprobatur
526 1647 569 1691 au
570 1633 634 1692 tem
570 1624 732 1693 tillud
746 1647 817 1693 oum
840 1627 919 1710 ipsis
940 1647 1076 1711 graesae
1098 1628 1232 1711 linguae
1253 1627 1324 1693 dia·

193 1726 296 1805 leolis,
319 1731 386 1790 tum
409 1724 541 1807 reliquis
565 1725 714 1806 Europae
734 1723 864 1807 linguis.

280 1821 359 1888 Oum
382 1823 465 1888 enim
489 1841 601 1887 omnes
624 1821 751 1888 dialeoti
772 1823 881 1888 aeolo·
882 1822 1046 1889 dorieae
1038 1845 1072 1889 ιιι
1096 1823 1194 1909 λέγι),
1225 1823 1324 1909 λέγη-

193 1942 250 1984 ται
273 1925 333 1986 ete.
356 1920 603 1985 eoneinnitatem
625 1919 732 1999 illam,
763 1939 859 2001 quarn
882 1919 1036 2002 diximus,
1061 1923 1220 1988 vooalium
1243 1922 1324 2005 peti·

191 2018 314 2096 verint,
337 2037 446 2082 rursus
467 2037 546 2080 una
567 2018 661 2082 elea
683 2015 841 2082 dialectos
863 2018 1046 2085 voealem
1025 2044 1047 2083 α
1061 2019 1097 2084 in
1119 2019 1326 2084 oonlunetivo

191 2133 318 2196 quoque
338 2114 487 2197 religiose
509 2113 661 2180 servarit.
695 2113 828 2196 Legitur·
848 2112 898 2180 01.
922 2135 995 2181 nov.
1018 2119 1184 2202 φαίνᾶται
1206 2136 1237 2182 v.
1263 2121 1322 2181 16:

194 2207 290 2294 ὅπωρ
322 2210 359 2276 δὲ
389 2213 446 2276 καὶ
473 2207 494 2274 ἆ
521 2209 627 2294 πόλερ
659 2213 779 2290 καταξί
780 2234 837 2292 αιρ
860 2216 1025 2295 φαίνᾰται
1050 2212 1190 2299 χάριτερ
1221 2209 1322 2278 ἀντα-

194 2306 406 2384 notatoque,
430 2307 469 2370 el.
492 2327 523 2370 v.
542 2313 580 2370 10
604 2306 752 2387 δέχεται;
775 2307 946 2373 deindev.
970 2312 1011 2375 36
1033 2306 1185 2397 ποήαται
1207 2307 1322 2396 (ποιή-

195 2417 333 2489 oportet:
347 2403 428 2485 περὶ
453 2401 489 2466 δὲ
513 2426 559 2466 τω
583 2399 823 2483 ἀποσταλᾶμεν
840 2414 915 2484 τοῖρ
934 2405 1055 2470 Τενεὸί
1041 2410 1110 2488 ίοιρ
1125 2405 1164 2470 τὸ
1180 2405 1320 2490 γεγονὸρ

193 2499 362 2587 ψαφισμα
373 2497 571 2580 sospitem
583 2483 968 2585 ποηαταιΝικοδρομορ
982 2500 1020 2567 ef.
1033 2522 1062 2565 v
1076 2505 1321 2584 13παρέχεται.

279 2597 408 2681 Optimo
430 2595 527 2678 igitur
547 2595 728 2661 iurestatui
749 2602 856 2678 potest
871 2597 906 2662 in
928 2597 1321 2681 primaGraeeorum

195 2696 338 2778 lingua
360 2693 539 2778 quondam.

601 2788 770 2874 *εφέρετι
786 2793 912 2874 popam

603 2892 769 2974 φέρεταιι
785 2891 935 2971 optentur
955 2886 1107 2966 valuisse,
1133 2886 1320 2971 praesertim

192 3007 263 3053 oum
287 2988 320 3060 in
342 2986 475 3069 reliquis
498 2975 647 3069 Europae
668 2983 888 3050 meridionalis
909 2984 1085 3067 linguis,
1075 3005 1110 3050 m
1133 2984 1268 3050 latina
1289 2991 1322 3051 et

192 3085 289 3150 oelt
261 3091 358 3165 troa,
381 3084 467 3150 idem
489 3103 617 3167 prorsus
639 3081 673 3146 in
694 3081 862 3147 indieativi
884 3088 917 3147 et
937 3081 1132 3147 eoniunotivi
1154 3081 1319 3148 vocalibus

193 3188 294 3246 status
316 3181 540 3272 eonspioiatur.
572 3180 745 3262 eiigitur:
787 3237 788 3242 ,

193 3315 234 3380 el.
258 3319 376 3400 φέρετι
393 3336 400 3378 :
416 3317 547 3399 φέρᾶτι,
570 3313 627 3377 lat.
646 3313 722 3395 lepit
736 3335 744 3376 r
760 3312 852 3394 tepet,
876 3331 939 3378 ose.
960 3313 1082 3397 potz'od,
1100 3315 1200 3378 umbr.
1214 3313 1319 3398 forro,

258 3415 380 3497 φέρετε
394 3432 401 3474 :
416 3414 553 3495 φέρᾶτε,
618 3409 720 3491 tepetis
736 3433 743 3474 :
760 3410 897 3491 teporis:
1021 3467 1023 3476 ,

482 3519 554 3584 oelt.
577 3516 663 3581 birid
682 3518 766 3596 (lert)
784 3542 790 3582 :
806 3516 883 3580 bero
905 3517 1012 3596 (ierat)

578 3614 676 3690 berid,
700 3613 809 3678 bertdlr
825 3637 832 3679 :
849 3613 968 3679 heroid.

277 3767 372 3848 Quod
386 3785 456 3864 eum
473 3766 519 3832 ita
533 3767 584 3849 sit,
607 3765 657 3833 luis
675 3767 815 3832 maxime
836 3765 947 3832 formis
968 3767 1192 3851 comprobatur
1213 3768 1318 3834 eleam

190 3867 362 3934 dialeotum
384 3864 516 3948 reliquis
538 3865 657 3931 diutius
679 3884 788 3930 veram
812 3871 845 3930 et
871 3864 1010 3948 priscam
1040 3865 1185 3930 vooalem
1208 3869 1230 3928 ἃ
1253 3884 1320 3931 ser·

191 3984 287 4032 vasae
314 3983 420 4047 neque
447 3961 628 4028 laudandos
650 3979 722 4029 esse
744 3980 815 4043 eos,
847 3962 901 4045 qui
929 3961 981 4027 his
1008 3962 1042 4026 in
1070 3963 1166 4028 rebus
1188 3963 1319 4045 linguae

191 4061 281 4143 leges
304 4069 337 4128 et
359 4061 489 4126 vineola
509 4060 675 4144 imponere
696 4059 856 4152 studeant.
890 4059 928 4124 et.
951 4079 983 4141 p.
1006 4061 1112 4194 267.ἠΙ

1057 4160 1089 4212 20
