3208 4928
309 471 372 534 288
811 477 945 532 Schrader

392 648 488 735 Idem·
500 648 637 730 denique
653 648 694 715 de
709 648 891 715 nominibus
905 649 938 714 in
959 673 1016 736 -ην
1032 650 1128 731 valet,
1152 668 1268 735 quaeq
1286 651 1442 718 omnibus

307 745 342 812 in
357 746 484 813 casibus
506 745 673 827 exhibeut3
696 764 795 828 quare
809 748 932 813 vocalis
947 773 966 834 η
990 768 1018 815 e.
1033 766 1063 828 g.
1087 747 1121 811 in
1137 744 1258 832 σωλήν,
1282 748 1440 834 σωλῆνος

309 844 421 927 Epich.
444 848 496 910 23.
525 840 639 926 Sophr.
663 846 703 907 50
733 863 774 910 ne
802 845 836 908 in
859 843 980 911 Doride
1001 844 1130 928 quidem
1158 844 1240 909 mira
1261 844 1437 911 videbitur.

393 940 553 1008 Confiteor
584 941 618 1004 iu
651 939 701 1005 his
734 940 882 1006 omnibus
915 942 1156 1023 quaestionibus
1188 942 1289 1009 multo
1318 942 1439 1008 relicta

307 1057 379 1105 esse
405 1037 517 1104 futuris
544 1036 672 1116 studiis,
700 1037 734 1102 iu
757 1037 871 1119 quibus
893 1039 946 1104 vel
968 1039 1124 1121 imprimis
1145 1039 1226 1104 mira
1244 1038 1310 1104 illa
1337 1039 1437 1106 huius

307 1136 434 1218 generis
456 1133 620 1200 nominum
642 1135 675 1199 in
697 1135 819 1201 vocalis
841 1136 996 1218 qualitate
1019 1135 1202 1202 differentia
1222 1136 1274 1214 (ef.
1297 1134 1433 1224 σωτήρε

308 1229 429 1318 ῥήτωρ,
453 1228 591 1319 εὐγενής
604 1255 611 1294 :
625 1228 726 1317 ἥρως,
748 1231 876 1318 ποιμήν
890 1255 897 1298 :
911 1228 1048 1315 ἄκμων),
1075 1253 1139 1315 qua
1160 1234 1214 1299 via
1236 1240 1306 1300 orta
1328 1255 1435 1317 queve

307 1328 403 1395 modo
419 1330 614 1413 explicanda
635 1329 686 1412 sit,
709 1329 907 1396 nominanda
926 1337 984 1396 est.
1022 1331 1151 1398 Scilicet
1165 1331 1208 1396 ad
1230 1332 1290 1398 has
1305 1351 1434 1415 quoque

305 1427 510 1510 quaestiones
532 1429 734 1510 Bragmanus
757 1447 828 1493 eum
851 1448 899 1510 ea,
926 1447 1010 1510 quae
1030 1426 1098 1493 eius
1120 1434 1179 1510 est,
1202 1434 1234 1494 et
1255 1429 1434 1512 sagacitate

308 1530 340 1592 et
361 1525 498 1591 audacia
518 1544 689 1608 aggressus
713 1530 776 1609 est3
800 1525 884 1608 quod
900 1531 1008 1590 tamen
1030 1527 1063 1590 in
1085 1525 1132 1591 rei
1154 1525 1330 1592 subtilitate
1353 1533 1433 1592 lem-

305 1622 455 1707 porisque
477 1622 637 1689 brevitate
658 1622 773 1689 leviter
794 1623 846 1688 hio
867 1622 1011 1704 tetigisse
1033 1620 1176 1690 sufficiet.

808 1793 904 1872 eu.

392 1915 484 1982 Certe
506 1913 586 1979 haec
607 1914 640 1978 in
667 1914 849 1979 universum
873 1937 894 1978 α
907 1936 946 2000 :q
970 1911 1154 1979 mutationis
1176 1913 1209 1977 iu
1225 1913 1431 1979 nominativis

305 2031 417 2078 norma
445 2011 542 2077 statui
575 2016 696 2096 petest:
735 2013 909 2077 Mutatur
937 2014 971 2093 ᾰ,
1006 2011 1038 2077 si
1068 2011 1220 2093 reliqui
1254 2031 1371 2077 casus
1404 2035 1430 2090 ε,

305 2115 506 2191 servatur,
529 2108 563 2174 si
585 2108 732 2189 reliqui
755 2127 870 2174 casus
893 2133 914 2173 α
938 2108 1146 2175 exhibent.

305 2228 340 2284 cf.
351 2228 432 2297 igitur
452 2225 551 2279 “altar
601 2222 724 2296 ’νάρθᾶξ
840 2225 987 2300 οἶήρ(αὖη’ρ)
1049 2226 1126 2298 φρήν
1201 2227 1314 2292 ἀλώπηξ
1329 2229 1430 2296 (Pind.)
1584 2281 1585 2292 ,

452 2301 581 2366 ‘Budroe
612 2304 754 2377 νάρθᾶκος
841 2305 921 2381 ἀέρος
1044 2305 1147 2380 φρενός
1197 2305 1335 2366 ἀλώπεκος

443 2386 559 2443 fassum
613 2389 733 2462 νάρθᾶκι
842 2387 903 2462 ἀέρι
1045 2389 1131 2460 φρενί
1199 2385 1325 2443 ἀλώπεκι.

389 2498 647 2566 Herodianus
679 2499 808 2582 quidem
837 2504 901 2582 (ap.
925 2496 1071 2564 Eustath.
1094 2499 1239 2584 287.14)
1261 2496 1355 2564 huius
1376 2517 1432 2580 ge·

304 2598 391 2664 neris
413 2599 642 2663 vocabulorum
663 2598 788 2683 copiam
810 2597 856 2662 ita
878 2597 1050 2679 disponere
1071 2593 1207 2677 studuit,
1231 2601 1265 2661 ut
1287 2600 1432 2679 oxytona

303 2694 337 2759 in
353 2695 550 2764 nominativo
566 2720 597 2780 q,
620 2694 744 2778 reliqua
766 2702 787 2758 ᾶ
808 2693 961 2760 exhibere
982 2689 1198 2759 contenderet.
1237 2691 1276 2758 ci.
1298 2690 1429 2778 ποιμὴν

306 2791 342 2858 δὲ
367 2793 424 2857 καὶ
447 2791 547 2879 λιμήν
571 2789 632 2857 οὐκ
654 2787 695 2857 ἂν
718 2790 834 2877 ἐροῦσι
857 2790 913 2856 διὰ
935 2795 996 2854 τοῦ
1018 2793 1048 2867 ἆ,
1075 2787 1153 2854 ἐπεὶ
1176 2786 1428 2873 ὀξυτονοῦνται;

304 2909 368 2972 qua
389 2896 497 2956 tamen
520 2891 554 2954 in
575 2909 610 2956 re
632 2889 875 2972 grammaticum
898 2887 1027 2953 omuino
1050 2886 1184 2953 oblitum
1207 2906 1278 2954 esse
1299 2887 1429 2953 illorum

303 2987 468 3051 neminum
484 2987 716 3052 abstracturum
731 2985 765 3049 iu
787 2983 865 3060 -τάς
887 2990 1005 3060 recog
1020 2991 1055 3050 ut
1077 2982 1220 3065 ταχυτάς
1241 2989 1427 3064 ταχυτᾶτος

303 3083 321 3162 (
320 3081 465 3164 facultas
478 3081 676 3164 facultatis),
701 3100 784 3163 quae
799 3081 944 3162 quamvis
961 3077 1206 3163 ὀξυτονούμενα
1222 3089 1243 3145 d
1257 3082 1426 3165 retineant,

302 3179 367 3244 iam
389 3179 565 3245 Abreusius
586 3179 696 3244 11135
719 3177 852 3244 monuit.
1372 3244 1378 3256 x

388 3277 427 3342 Iu
456 3275 553 3343 totius
580 3281 688 3342 autem
717 3275 799 3358 legis
827 3275 1013 3356 severitate,
1049 3295 1159 3359 aqua
1192 3295 1288 3342 unam
1323 3278 1426 3344 eleam

304 3373 474 3441 dialectum
497 3379 665 3459 exceptam
687 3393 758 3440 esse
773 3372 922 3455 vidimus,
945 3372 1077 3438 dubium
1100 3371 1178 3437 mibi
1200 3393 1266 3438 nen
1288 3373 1426 3455 videtur,

302 3474 379 3556 quin
400 3471 563 3539 Theocriti
590 3469 673 3536 illud
699 3458 825 3552 ποιμᾶν
854 3476 886 3538 et
912 3470 1112 3554 grammatici
1134 3470 1279 3553 Theog'n.
1310 3469 1369 3536 Ox.
1393 3471 1427 3534 ll

303 3575 417 3652 40,17
452 3566 592 3649 ἀλώπᾶξ
623 3569 706 3635 inter
738 3568 1035 3652 hyperdoricas
1071 3568 1203 3648 formas,
1238 3565 1279 3633 de
1311 3566 1426 3648 quibus

301 3668 386 3734 inira
407 3666 570 3751 agendum
593 3666 662 3746 erit,
685 3665 855 3732 referenda
874 3666 948 3732 sint.
1351 3743 1355 3750 Ι

387 3765 457 3829 lam
479 3782 556 3830 vero
583 3783 661 3829 una
688 3769 786 3845 atque
813 3762 993 3846 insignis
1014 3761 1101 3827 illius
1122 3762 1254 3843 regulae
1280 3760 1426 3844 exceptio
1501 3811 1507 3822 ,

301 3860 508 3944 conspicitur,
537 3879 618 3945 qua,
648 3859 675 3927 si
697 3878 776 3926 vera
798 3866 862 3942 est,
883 3859 918 3926 iu
939 3864 1081 3925 nostram
1103 3859 1295 3925 seutentiam
1316 3857 1426 3940 aliquo

301 3957 397 4023 mode
425 3957 640 4040 suspicionem
668 3957 788 4023 moveri
823 3975 918 4041 posse
946 3954 1107 4023 confiteor.
1158 3953 1307 4019 Dubitari
1339 3953 1426 4020 euim

302 4076 368 4122 nou
396 4060 519 4139 potest,
548 4055 625 4138 quin
653 4054 741 4138 apud
772 4053 892 4121 Aeoles
925 4072 1051 4136 quoque
1080 4058 1112 4120 et
1141 4050 1314 4118 Dorienses
1343 4069 1426 4133 eg.
