3218 4934
289 436 329 496 90
786 440 918 494 Baunack

287 623 362 683 sunt
385 613 537 698 Hesychii
564 613 708 696 glossae:
741 609 882 690 ὗ-ϊόεῑς·
912 611 995 678 υἱῶν
1017 610 1096 690 υἱοί,
1120 609 1252 696 ’ἔγγονοι
1273 609 1415 692 (ri-triste

286 709 600 795 ο1τ.Α1οκ-ιόεύς);
631 704 743 788 ὖ-ῑὸός
767 705 785 776 ὃ
808 717 868 776 τοῦ
890 709 965 776 υἱοῦ
987 706 1077 787 υἱός,
1099 710 1195 776 cuius·
1209 712 1415 778 accusativus

285 812 420 897 pluralis
435 804 567 884 ὖ-ϊδούς
589 808 669 886 (cod.
687 802 831 886 ttooagr
855 801 1009 892 ἢῦϊὸεῖς,
1032 805 1114 871 υἱῶν
1136 806 1230 884 υἱούς
1252 808 1413 887 [suffixum

285 909 377 986 -ιόος
394 931 401 970 :
418 905 512 992 -ιδης
526 933 570 962 ==
582 901 728 992 ’Ἀγητος
751 912 815 990 (ap.
832 907 867 971 Β.
886 909 981 983 1437)
996 929 1003 970 :
1017 902 1158 990 Άγήτας
1174 913 1239 990 (ap.
1255 907 1291 972 F.
1310 911 1368 973 163
1377 909 1412 985 b)

285 1035 328 1060 ==
349 1005 545 1088 ἵππαρχοςε
564 1002 737 1089 ἱππάρχας
759 1006 851 1080 (Roas
873 1003 967 1068 insct.
990 1003 1076 1068 ined.
1099 1005 1166 1086 3013
1189 997 1304 1090 ὖ-ϊδήυ
1325 1005 1413 1082 (cod.

286 1099 395 1187 ὑϊδῆυ)
424 1100 499 1167 υἱοῦ
522 1106 710 1186 θυγατέρα;
741 1098 850 1178 ὖ-ΐδος
872 1099 955 1164 υ1ὠυ
977 1104 1165 1184 θυγατέρες
1194 1106 1292 1176 (nom.
1315 1097 1410 1180 ὖ-ΐς).

371 1213 407 1276 Β.
453 1210 561 1289 υ-ἱό·ς
589 1219 638 1278 est
660 1212 768 1278 iorma-
785 1212 934 1295 rulgaris.
981 1210 1149 1294 Oopulatio
1172 1212 1330 1277 vocalium
1353 1235 1409 1276 υιο

284 1311 337 1374 vel
359 1334 416 1374 υια
439 1309 581 1394 exceptis
603 1310 780 1394 participiis
802 1310 881 1375 satis
902 1329 975 1375 rara
997 1315 1061 1376 ests
1090 1314 1215 1389 υέκυια,
1241 1305 1409 1393 Ἅρπυιαι,

283 1403 461 1494 μητρυιός,
490 1406 685 1492 *piosaco-v
706 1409 740 1473 in
764 1408 917 1492 γλυκκεῑν
948 1403 1034 1480 (vide
1056 1411 1173 1490 supra).
1219 1408 1409 1491 Nuperrime

282 1505 447 1590 inscriptio
463 1506 551 1572 edita
566 1513 614 1572 est
628 1505 867 1589 (Palingenesia
885 1508 976 1586 1877,
995 1509 1030 1569 11
1048 1505 1111 1570 ian.
1127 1524 1180 1569 no.
1195 1507 1301 1586 9689),
1325 1525 1409 1588 quae

282 1604 369 1670 urbis
391 1603 497 1670 adhuc
518 1603 648 1687 ignotae
669 1623 788 1669 nomen
811 1601 950 1667 Λάυυιο
972 1601 1112 1668 exhibet.

368 1701 402 1768 O.
446 1701 550 1784 Stirps
585 1695 659 1766 ὖ-υ-
692 1708 762 1766 orta
791 1706 840 1766 est
867 1698 976 1766 radice
1008 1697 1120 1764 suffixo
1150 1723 1168 1762 υ
1202 1698 1407 1784 amplificata.

282 1799 376 1866 Nom.
404 1794 463 1875 ὖύς
491 1797 524 1862 O.
554 1797 579 1862 1.
602 1799 668 1862 Att.
693 1801 754 1863 398
785 1797 912 1880 legitur,
945 1815 1039 1878 quam
1068 1797 1198 1862 brevem
1227 1797 1408 1881 inscriptio·

281 1915 354 1964 nem
378 1894 550 1961 Neubauer
577 1895 723 1972 (Hermes
745 1895 777 1960 X
799 1916 830 1978 p.
857 1897 929 1970 159)
956 1894 1042 1958 hunc
1063 1893 1096 1958 in
1119 1892 1247 1958 modum
1270 1896 1408 1962 restituit

394 2028 579 2111 Aroye'rlpg]
603 2020 751 2112 ἀνέθηκε
771 2015 968 2105 Ἀῑσσχὺλου
993 2018 1051 2100 ὗύς
1074 2025 1288 2111 Κεφ[α]λῆος.

281 2157 365 2221 Dein
387 2155 525 2222 traditae
548 2163 622 2222 sunt
643 2156 834 2222 nominativi
856 2158 900 2239 pl.
923 2150 1128 2242 1οτωουῦῆς
1151 2163 1183 2224 et
1205 2151 1276 2232 ὑεῖς
1298 2159 1331 2222 in
1356 2158 1403 2222 in·

280 2273 340 2320 sor.
361 2260 418 2318 att.
463 2251 525 2319 (llr.
549 2254 673 2320 Weckl.
696 2275 761 2320 our.
785 2255 884 2348 epigr.
912 2257 959 2319 19.
1003 2248 1075 2329 ὑεῖς
1097 2253 1265 2320 formatum
1288 2262 1337 2320 est
1358 2254 1404 2320 uti

280 2351 412 2435 γλυκεῖς
434 2358 465 2417 et
488 2357 593 2417 exstat
608 2350 644 2416 9.
661 2353 686 2416 Ι.
703 2352 783 2434 851),
807 2371 853 2417 vs.
872 2354 920 2432 13,
945 2353 996 2432 23,
1020 2353 1070 2414 26.
1102 2349 1164 2416 cn.
1180 2352 1265 2436 App.
1281 2373 1312 2435 p.
1329 2354 1400 2418 897.

365 2467 405 2530 D.
449 2465 552 2550 Stirps
580 2464 677 2545 υ-ἱυ-,
706 2467 795 2532 euius
821 2465 1037 2532 nominativus
1058 2465 1092 2530 in
1114 2465 1336 2550 antiquissima
1357 2466 1403 2531 in·

278 2563 452 2649 scriptione
484 2564 628 2631 laconica
663 2566 826 2631 invenitur
859 2564 946 2631 edita
977 2585 998 2630 a
1028 2561 1159 2645 Rossio,
1199 2562 1403 2646 Intelligena·

277 2662 359 2729 blatt
382 2662 438 2729 der
460 2663 588 2746 allgem.
612 2662 879 2744 Litteraturzeitg.
904 2665 995 2740 1837,
1019 2660 1229 2742 Archaeolog.
1252 2659 1402 2728 Aulsttue

277 2761 293 2826 I
315 2780 346 2843 p.
370 2765 400 2841 7,
423 2780 444 2826 a
465 2761 641 2844 Rangabeo
663 2763 737 2826 Ant.
760 2760 846 2824 Hell.
870 2760 895 2840 1,
919 2763 991 2838 316,
1019 2778 1040 2823 a
1061 2758 1108 2823 Le
1132 2757 1226 2823 Basio
1249 2757 1330 2841 Voy.
1353 2778 1402 2824 ar·

277 2857 422 2938 cheolog.
445 2855 508 2920 Τ11.
531 2859 567 2937 2,
594 2861 626 2936 1,
657 2857 798 2921 allone.
825 2859 900 2936 160,
930 2853 1182 2936 allcubauero,
1213 2855 1347 2922 Hermes
1368 2855 1401 2923 X

277 2953 331 3017 bd.
355 2957 385 3016 2.
409 2951 493 3017 titt:

355 3054 386 3112 Γ
386 3049 570 3126 ]λαυκατὶ[α
593 3051 645 3128 με]
667 3053 782 3130 μνᾶμα
805 3046 919 3126 Κάλας
941 3040 1049 3128 [ἔθετ’
1067 3043 1220 3125 {riutilio
1242 3046 1324 3124 υἱύς.

276 3142 350 3222 υἱός
372 3144 467 3227 igitur
489 3145 622 3229 praebet
639 3144 724 3212 idem
740 3144 897 3226 suffixum,
920 3144 1007 3229 quod
1021 3147 1179 3212 sanserita
1193 3153 1225 3212 et
1246 3146 1399 3216 litnanica

276 3242 437 3308 vocabula
464 3241 498 3306 in
524 3241 622 3326 ·j·o-s
644 3243 803 3309 exeuntia.
849 3243 946 3310 Falsa
972 3243 1067 3326 igitur
1095 3250 1144 3309 est
1164 3243 1338 3310 Aulrechtii
1367 3248 1399 3310 et

275 3340 372 3407 Pottii
388 3339 505 3425 opinio,
529 3341 582 3422 qui
605 3339 752 3408 suffixum
768 3346 808 3418 jn
830 3341 863 3406 in
886 3341 998 3424 lingua
1018 3359 1136 3424 graeca
1156 3341 1191 3406 in
1214 3365 1250 3406 so
1273 3359 1398 3423 permu-

275 3443 375 3503 tatum
399 3456 470 3504 esso
491 3438 684 3519 statuebant,
708 3438 792 3521 quod
808 3437 905 3505 etiam
921 3437 1049 3504 Curtius
1066 3437 1259 3521 improbavit
1274 3440 1397 3523 Etym.⁴

275 3555 306 3620 p.
324 3539 396 3600 597.
433 3536 483 3600 Ex
497 3534 556 3600 illa
578 3541 683 3602 autem
706 3535 809 3601 torma
831 3555 942 3602 omnes
964 3536 1048 3602 aliae
1069 3535 1221 3601 facillime
1243 3536 1397 3620 explicari

274 3639 416 3716 possunt.
461 3634 525 3696 Aut
552 3629 625 3709 υἱός
654 3652 756 3715 aeque
785 3651 823 3696 ac
852 3629 971 3715 γλυκύς
1001 3632 1179 3698 declinatur
1207 3633 1273 3709 (cfr.
1302 3630 1396 3699 υ-ἱέα

274 3749 327 3812 ap.
349 3729 387 3795 B.
403 3733 476 3812 425,
499 3726 608 3806 υ-ἱέος
634 3732 725 3811 1980,
748 3728 835 3794 υ-ἱεῖ
855 3749 907 3814 ap.
931 3729 966 3795 F.
991 3734 1089 3808 lita)
1112 3737 1176 3813 aut,
1199 3730 1340 3798 maximo
1361 3730 1394 3795 in

272 3826 404 3892 Homeri
431 3825 642 3910 carminibus,
671 3827 717 3894 ita
738 3833 773 3892 ut
794 3832 870 3894 ante
892 3827 1134 3896 terminationes
1155 3854 1173 3894 υ
1196 3829 1230 3893 in
1251 3853 1273 3892 r
1294 3835 1395 3894 muta·

251 3914 253 3920 ἲ
273 3932 340 3989 tum
363 3923 518 3990 exciderit
539 3922 674 4004 (υ-ῖ-ὀς,
698 3921 763 4004 υἷι,
786 3921 843 3990 υἷα
865 3923 919 3991 eir.
943 3921 1034 4003 νεός,
1058 3927 1119 4006 val,
1143 3931 1219 4010 νέα,
1247 3921 1318 4002 υἷες
1340 3946 1393 4009 ap.

273 4019 310 4085 B.
336 4025 412 4086 1411
445 4020 501 4085 cfr.
523 4019 621 4100 νέες).
668 4022 799 4088 Veteres
826 4021 1026 4104 grammatici
1055 4030 1088 4087 ut
1110 4023 1172 4089 lus
1194 4023 1312 4089 formas
1340 4042 1394 4089 ex·
