3218 4934
595 471 717 528 Schedae
734 472 931 540 grammaticae.
1243 492 1246 495 ·
1287 463 1326 527 73

203 709 263 774 ΙΙΙ.
314 707 583 775 Multiiormia
619 707 901 788 substantiva,
947 726 1049 790 quae
1082 727 1103 772 a
1139 705 1220 772 rad.
1258 728 1329 782 sag

203 810 288 884 (sor.
321 809 400 886 ooo)
443 811 539 883 sunt
577 804 779 885 derivata,
825 805 1079 890 eolliguntur
1122 809 1161 870 et
1198 803 1330 888 expli·

692 909 845 970 eantur.

289 1040 327 1106 A.
372 1039 541 1105 Formae
563 1039 722 1110 suffixo
743 1063 872 1122 -μαε-
893 1038 1028 1106 lietae.

290 1136 439 1203 Formam
461 1139 591 1222 plenam
613 1136 838 1220 (liaeo-pua),
868 1157 889 1203 a
911 1157 975 1220 qua
997 1157 1123 1220 omues,
1147 1155 1226 1219 quas
1247 1135 1330 1202 iufra
1379 1166 1382 1170 ·

123 1253 126 1260 ¹
205 1234 331 1318 oollegi;
354 1234 468 1302 suffixo
490 1259 557 1316 ματ
579 1255 654 1301 oum
672 1234 781 1300 radiee
802 1237 973 1301 ooniunoto
991 1234 1200 1315 descendunt,
1221 1235 1256 1299 in
1279 1233 1329 1300 ed.
1422 1269 1426 1278 -

205 1331 329 1398 minore
357 1333 458 1398 Maur.
488 1331 682 1399 Sebmidtius
713 1333 872 1416 reperisse
904 1333 967 1399 sibi
999 1333 1126 1400 videtur
1156 1332 1191 1397 in
1221 1334 1331 1414 glossa

205 1425 250 1514 γε’
260 1446 359 1510 σμα·
388 1435 537 1514 γεῦμα,
567 1429 601 1495 id
628 1429 713 1513 quod
735 1430 812 1496 iude
834 1429 1051 1514 colligendum
1080 1437 1143 1512 est,
1174 1429 1260 1512 quod
1288 1429 1332 1495 ad

205 1529 289 1598 haue
310 1529 452 1612 glossam
476 1525 602 1608 ἐ’νῦυμα
622 1529 712 1594 unois
726 1528 884 1594 inolusum
899 1529 1059 1612 apposuit.
1089 1528 1180 1608 Quae
1201 1529 1331 1610 glossae

205 1625 427 1714 interpretatio
457 1626 485 1691 si
507 1632 593 1692 reete
615 1645 687 1692 sese
708 1626 858 1706 haberet,
887 1631 994 1711 γεῦμα
1015 1625 1050 1690 in
1073 1623 1152 1707 εἷμα
1174 1627 1332 1708 porrigere

205 1724 276 1790 sine
298 1723 395 1788 dubio
417 1725 518 1788 multo
538 1729 624 1798 esset
639 1723 763 1790 melius.
793 1723 908 1806 Neque
928 1730 1036 1790 tamen
1058 1724 1135 1790 certi
1157 1721 1331 1806 quidquam
1433 1769 1435 1774 ,

204 1827 312 1906 potest
326 1841 384 1903 pro
399 1840 439 1887 ea
453 1820 637 1887 eouieotura
651 1820 818 1904 disputari.
848 1821 1012 1905 Suspioari
1027 1821 1112 1887 enim
1129 1821 1205 1886 lieet
1222 1817 1332 1904 γε’σμα

206 1939 263 2003 pro
292 1919 443 2002 *γεῦσμα
466 1937 546 1986 esse.
591 1919 657 1985 Fae
677 1919 711 1984 in
734 1919 873 2001 quadam
896 1918 1035 1985 dialecto
1058 1939 1099 1985 ex
1120 1916 1229 1984 radioe
1250 1939 1332 2003 γευσ

207 2017 343 2101 (styma
365 2037 396 2100 p.
415 2021 486 2094 176)
508 2017 744 2084 substantivum
759 2016 928 2083 formatum
946 2016 1043 2083 tuisse
1058 2014 1223 2100 *γεῦσμα
1247 2014 1333 2098 quod

207 2114 303 2197 vulgo
324 2119 432 2198 γεῦμα
453 2113 573 2181 laetum
595 2121 643 2182 est
669 2114 737 2195 (uir.
761 2112 894 2196 ἱμάτιον
917 2135 975 2199 pro
999 2111 1167 2204 ἱσμᾴτιαν)
1194 2120 1292 2195 atque
1313 2138 1332 2177 o

207 2211 310 2276 vooali
333 2217 410 2278 ante
431 2213 615 2280 sibilantem
627 2212 661 2278 in
676 2238 698 2277 ε
713 2217 834 2279 mutata
849 2231 892 2278 ex
907 2212 1008 2278 lorma
1029 2210 1203 2296 *pero-pu
1224 2209 1333 2296 γε’σμα

207 2309 381 2392 prodiisse:
420 2311 591 2395 intelleges
622 2311 713 2376 illam
745 2309 887 2393 glossam
921 2310 1018 2377 etiam
1052 2311 1122 2376 sine
1155 2315 1335 2376 oorreotura

208 2426 303 2489 posse
325 2408 488 2490 explieari.
532 2408 579 2474 Ut
598 2415 705 2473 autem
731 2408 881 2491 exempla
909 2408 1058 2489 afferam,
1089 2409 1122 2473 in
1151 2408 1266 2490 quibus
1289 2406 1335 2473 di·

208 2522 337 2586 gamma
358 2522 400 2568 ex
422 2527 440 2567 υ
463 2502 581 2569 laetum
603 2511 679 2569 aute
702 2523 875 2568 oonsonam
903 2504 1043 2569 litteram
1069 2504 1202 2586 elicitur,
1232 2505 1334 2572 habes

209 2596 316 2683 ἀτμός
338 2621 396 2685 pro
414 2595 586 2682 *alsa-poc
607 2599 707 2678 (Ourt.
726 2601 850 2684 Etym.⁴
864 2621 898 2684 p.
914 2602 999 2681 391),
1023 2597 1106 2681 rito&
1126 2622 1183 2685 pro
1205 2597 1336 2682 *ἄελαξ

171 2767 173 2774 ,
208 2697 298 2777 (ibid.
321 2720 353 2784 p.
373 2701 455 2777 136).
499 2697 677 2764 Memoratu
700 2696 847 2781 digniora
867 2703 1133 2782 praetereasuut
1154 2698 1250 2764 haee:
1279 2697 1335 2764 ἑα-

207 2802 269 2873 εῦς
297 2797 404 2876 (inser.
427 2795 534 2862 aread.
558 2815 611 2879 ap.
634 2796 730 2861 Fouo.
754 2798 816 2860 352
838 2817 860 2860 n
882 2815 930 2865 vs.
956 2799 1006 2873 13)
1034 2817 1093 2880 pro
1115 2795 1253 2874 ἕαυτῦς,
1282 2816 1334 2879 ap.

208 2893 421 2980 Hesychium:
455 2886 617 2980 Ἐφάμιος
639 2891 727 2970 Ζεύς
757 2888 1028 2978 (611.Εὐφάμιος
1058 2888 1075 2958 ὃ
1098 2889 1186 2972 Ζεύς
1216 2901 1248 2961 et
1269 2890 1336 2959 Εὕ-

210 3017 324 3080 φημος
341 2989 358 3058 ὃ
374 2989 463 3068 Ζεὺς
485 2989 520 3057 ἐν
537 2988 681 3077 Λέσβῳ)
705 2997 738 3057 et
760 2988 901 3078 ἐφήμως
926 2988 1088 3080 εὐφήμως
1110 2996 1143 3071 (a
1157 2989 1334 3059 Schmidtio

209 3111 274 3158 uon
289 3097 375 3158 reete
390 3089 629 3172 addubitatum
646 3088 701 3154 uir.
712 3083 874 3174 εὐφήμως
888 3084 1019 3172 ἡδέως),
1036 3090 1222 3172 quibuseum
1239 3091 1335 3157 etiam

206 3182 379 3276 Ἐαλκίόης
402 3188 507 3265 (inser.
529 3187 594 3254 ion.
618 3185 708 3253 Stud.
731 3186 769 3269 V,
793 3189 866 3268 257,
890 3189 943 3264 37)
970 3209 1029 3272 pro
1051 3179 1241 3275 Εῦαλκίῦης
1263 3208 1337 3254 oon·

208 3286 375 3353 ferendum
398 3290 456 3351 est.

296 3383 367 3446 Iam
389 3388 423 3446 ut
444 3379 488 3446 ad
502 3379 675 3464 *εέσματ-
689 3380 824 3446 formam
838 3380 1017 3465 redeamus,
1043 3382 1103 3449 etsi
1125 3381 1243 3472 tradita
1265 3401 1337 3448 esse

211 3500 277 3547 nou
298 3478 440 3561 videtur,
470 3483 578 3544 tamen
600 3483 687 3544 uerte
711 3477 770 3544 fuit
793 3477 954 3562 quondam
975 3482 1078 3562 atque
1094 3479 1128 3544 in
1150 3479 1247 3546 variis
1269 3479 1337 3546 dia·

211 3581 367 3648 lectorum
388 3575 561 3660 generibus
583 3573 719 3644 diversis
740 3576 844 3643 modis
866 3583 915 3643 est
936 3583 1074 3644 mutata:
1170 3607 1174 3615 ·
1257 3581 1284 3623 θ

300 3677 330 3752 1)
359 3679 411 3760 γῆ
418 3689 487 3756 μα·
505 3670 692 3756 ἱμάτιον,
711 3694 764 3758 ap.
779 3674 959 3760 Hesyoh.³),
976 3674 1078 3742 torma
1091 3680 1203 3758 aperte
1218 3673 1336 3740 doriea.

263 3776 330 3847 .2)
363 3765 470 3854 εἷμα.
541 3798 543 3802 ’

213 3911 417 3922 ...μ-μ--ι-ι

282 3992 303 4058 ⁸)
333 3989 437 4047 Eodem
467 3991 579 4046 auctore
609 3995 723 4047 utuntur
754 4005 847 4048 omnes
878 4005 946 4062 quas
971 3989 1043 4046 iutra
1069 3987 1337 4047 commemorabimus

212 4071 325 4142 glossae.
