3218 4934
267 458 329 521 136
573 462 719 518 Bauoaolr:
747 463 868 519 Schedao
885 464 1084 533 grammaticae.

266 654 308 701 ex
329 631 579 720 *Κληνό-νικος
602 640 634 700 et
655 631 942 722 *Κληνο-νικίδας
965 634 1028 713 ((Ιθι
1043 635 1172 724 lit-prop
1194 658 1225 704 v.
1248 660 1280 723 p.
1307 643 1389 720 132),

267 729 342 797 dein
361 729 548 813 Τιμαχίδας
569 730 658 811 (vide
672 733 838 798 Benseleri
853 733 961 810 lexic.)
983 752 1024 800 ex
1042 736 1302 817 Tapro-propitiae,
1328 743 1391 803 Φι-

266 825 355 893 trimo
383 847 424 895 ox
455 825 648 894 Φιλο-λάων
676 829 744 908 (eir.
777 828 983 908 orte-laos).
1028 829 1251 916 Compluribus
1281 833 1391 902 formis

266 926 430 991 nominum
460 925 658 1010 propriorum
686 926 821 1011 talibus,
856 927 969 1011 quales
997 921 1071 993 sunt
1100 929 1177 995 illae
1206 934 1390 1019 Δα-μένης,

266 1023 480 1102 Keos-eam,
509 1023 543 1088 in
566 1043 657 1089 usum
679 1025 816 1108 receptis
839 1045 876 1090 uo
899 1025 1072 1108 divulgatis
1101 1025 1196 1092 laeile
1219 1027 1330 1112 lingua
1352 1049 1391 1097 eo

267 1123 371 1204 potuit
393 1120 524 1201 deduci,
553 1126 588 1185 ut
617 1121 669 1187 bio
694 1122 760 1188 illio
782 1122 877 1188 otiam
902 1122 949 1188 eis
970 1122 1079 1188 formis
1101 1123 1263 1208 syllabam
1285 1125 1391 1192 detra·

247 1218 373 1300 leret,
406 1237 489 1301 quae
517 1219 684 1284 molestam
714 1220 803 1285 illam
836 1220 959 1286 sonitus
988 1220 1185 1304 syllabarum
1214 1220 1391 1288 vioinarum

266 1316 529 1399 aequabilitatem
562 1335 626 1381 non
660 1317 866 1384 exhibebant.
920 1315 1027 1396 Quare
1060 1315 1224 1403 Δή-νικος
1259 1319 1392 1397 (Mionn.

267 1414 325 1495 111,
350 1415 423 1491 269)
447 1433 487 1480 ex
501 1411 721 1500 Δημό-νικος,
743 1411 936 1502 Πι-κρᾶτης
959 1414 1091 1489 (Mionn.
1107 1415 1221 1499 Suppl.
1238 1414 1293 1496 VI,
1316 1419 1391 1495 266)

265 1530 306 1578 ex
328 1510 592 1597 Πιστο-κράτης,
618 1510 772 1598 Νη-κλῆς
795 1511 902 1591 (Foro.
929 1515 1022 1592 1630,
1054 1514 1156 1594 16803
1186 1509 1269 1578 0.1.
1298 1515 1392 1586 1277)
1512 1523 1515 1529 ’

266 1628 307 1676 ex
329 1611 527 1697 Νησο-κλῆς
550 1608 743 1693 explicanda
766 1628 837 1676 esse
859 1610 1048 1693 putaverim.
1107 1627 1110 1633 ’

351 1708 386 1772 Ρ.
411 1711 482 1772 124.
529 1707 699 1774 Voeabulis
726 1707 969 1792 inseriptiorrum
998 1706 1181 1789 argivarum
1204 1706 1393 1772 memorabi-

264 1804 366 1885 libus,
389 1823 472 1888 quae
493 1805 629 1872 oolleota
650 1805 816 1887 proposui,
840 1803 945 1869 adioio
967 1820 1084 1869 nomen
1103 1804 1270 1887 proprium
1292 1810 1392 1868 Aoo·
1484 1799 1490 1808 “

266 1901 344 1967 δέκα
373 1906 497 1978 (1553).
541 1899 634 1980 Quod
668 1900 879 1985 principalem
908 1901 1041 1966 formam
1078 1898 1289 1966 *Λαυοόίκα
1324 1899 1392 1978 (alr.

265 1993 440 2086 Λαοδίκη)
462 1998 583 2080 habult,
607 1998 696 2063 ouius
717 2000 847 2065 vooales
869 2019 906 2061 oo
928 1999 963 2063 in
984 1999 1213 2080 oooaluerunt,
1238 2006 1273 2062 ut
1295 1997 1391 2063 inter·

266 2096 341 2162 dum
364 2097 460 2164 etiam
481 2119 519 2160 oa
543 2095 577 2160 in
598 2120 617 2159 o
640 2094 707 2169 (olr.
730 2089 870 2181 εὔκηλος
892 2113 933 2160 ex
955 2091 1159 2181 *ε-ὗέκηλος
1180 2096 1202 2160 i.
1222 2115 1249 2161 e.
1271 2092 1392 2161 *i-fe-

265 2192 368 2279 κηλος
396 2199 525 2275 natum,
556 2191 588 2257 id
618 2192 703 2274 quod
731 2192 848 2258 dooent
869 2192 990 2259 formae
1018 2191 1176 2276 γέκαλον·
1207 2187 1330 2278 ἥσυχον
1360 2199 1393 2258 et

264 2291 410 2376 βέκαλα·
433 2289 561 2376 νωχελῆ
584 2309 636 2373 ap.
652 2289 741 2367 Hes.)
765 2296 797 2356 et
818 2290 947 2374 saepius
970 2313 1002 2355 ιο
1024 2289 1057 2354 in
1075 2293 1146 2367 etv.
1161 2310 1193 2372 p.
1211 2291 1251 2353 49
1268 2294 1300 2354 et
1317 2292 1391 2367 121)
1494 2356 1498 2361 ,
1601 2383 1605 2394 Ι

265 2396 297 2456 et
319 2413 349 2454 ιε
372 2390 406 2455 in
429 2414 442 2454 ι
470 2389 537 2464 (olr.
560 2388 643 2453 aeol.
666 2382 739 2472 Ιρος
767 2407 825 2471 pro
855 2384 946 2470 ἱερός
969 2387 1047 2469 11111.
1071 2387 1103 2466 Ι,
1131 2389 1201 2464 103)
1230 2392 1393 2452 eontracta

264 2486 426 2554 videmus:
460 2505 543 2570 quae
564 2487 698 2552 mutatio
721 2506 742 2551 a
762 2484 980 2569 grammatiois
1002 2482 1121 2549 Indieis
1144 2487 1390 2567 semproooroao
1488 2507 1497 2520 ·

188 2596 194 2601 ’
262 2586 456 2651 nominatur.
1166 2605 1172 2616 ·

95 2669 100 2682 ’
348 2683 473 2749 Ρ.132.
506 2681 585 2749 Cum
607 2683 731 2766 graeois
752 2679 861 2746 formis
886 2676 1005 2765 Φαηνά
1028 2697 1069 2744 ex
1092 2674 1306 2752 *wareo-ool,
1331 2699 1389 2742 oo·

264 2777 345 2867 λήνη
370 2800 411 2847 ex
432 2777 622 2865 *σελᾶσ-νη
653 2778 822 2862 explieatis
849 2795 1016 2861 eompares
1041 2775 1175 2841 latinum
1197 2775 1388 2840 voeabulum

263 2888 408 2950 saeuos,
438 2874 524 2958 quod
546 2895 587 2943 ex
613 2871 814 2937 *aereo-nas
843 2873 909 2950 teir.
938 2893 986 2955 gr.
1009 2871 1122 2951 σέλας)
1150 2871 1263 2939 eodem
1292 2870 1388 2936 modo

263 2982 367 3039 ortum
389 2971 585 3055 putaverim,
609 2991 671 3055 quo
694 2978 806 3035 oeneus
829 2989 870 3037 ex
890 2967 1078 3033 *ooo-nouo
1099 2969 1229 3054 prodiit.

1602 2465 1606 2568 l
