3208 4928
321 464 384 528 332
836 471 928 542 Spicrs

319 649 428 710 mento
449 642 500 710 usi
522 651 611 727 sunt,
639 646 829 730 popularem
856 646 1000 730 linguam
1028 666 1101 712 raro
1126 646 1357 733 admiscentes,
1388 651 1461 718 sed

320 743 373 826 qui
396 741 519 810 leviora
545 744 740 811 carminibus
762 744 829 811 suis
850 744 1060 812 celebrabant
1080 751 1113 811 et
1140 747 1326 828 praesentia
1346 750 1459 816 male=

320 839 400 908 bant
428 859 545 909 canere
567 861 663 927 qnam
691 841 881 927 praeterita,
909 842 1098 926 popularem
1126 842 1272 924 linguam
1296 834 1455 913 insnum

320 959 412 1008 usum
433 947 669 1020 converterunt,
690 959 787 1023 quam
809 939 921 1023 opicae
935 939 1065 1007 dialecti
1080 960 1142 1024 ope
1163 945 1197 1007 et
1218 943 1366 1027 exemplo
1390 962 1454 1010 ex·

319 1029 496 1104 coluerunt.
539 1039 608 1103 Hoc
629 1037 726 1104 modo
747 1037 866 1103 Dorica
886 1044 919 1104 et
938 1038 1073 1104 Aeolica
1094 1036 1225 1106 dialecti
1245 1039 1347 1108 literis
1368 1048 1454 1108 sunt

319 1135 502 1218 mandatae,
525 1135 568 1201 ad
590 1155 671 1218 quas
691 1153 794 1218 aeque
808 1142 905 1219 atque
919 1135 963 1202 ad
976 1134 1102 1250 epicam
1115 1134 1224 1203 aditus
1245 1142 1317 1204 erat
1338 1138 1452 1222 poetis

319 1232 377 1313 eis,
406 1232 460 1315 qui
482 1219 657 1316 posteriore
678 1238 823 1316 tempore
844 1232 979 1299 melicae
999 1234 1106 1318 poesis
1130 1234 1293 1319 principes
1313 1235 1449 1303 exstite-

318 1336 407 1414 runt,
439 1337 475 1396 ut
506 1331 684 1414 repudiatis
712 1349 794 1414 quae
826 1331 1039 1398 reconditiora
1072 1338 1105 1399 et
1135 1332 1313 1414 singularia
1344 1326 1449 1400 babe-

319 1428 475 1494 bantur
460 1448 532 1513 Jam
561 1427 718 1495 dialectus
746 1421 890 1511 oriretirr,
925 1447 1008 1513 quae
1036 1429 1177 1496 omnium
1205 1430 1446 1514 quodammodo

318 1525 514 1593 Graecarum
542 1527 688 1611 stirpium
717 1528 895 1593 communis
926 1527 1098 1612 videretur,
1131 1528 1261 1609 qualem
1293 1546 1378 1594 nnnc
1406 1527 1443 1593 in

318 1622 452 1690 Pindari
473 1624 667 1690 carminibus
688 1623 914 1709 conspicimus.

404 1720 484 1787 Cum
512 1721 645 1806 igitur
637 1744 671 1788 m
696 1722 893 1822 singulorum
923 1729 1089 1807 poetarum
1115 1722 1261 1790 dialectis
1289 1722 1378 1812 quasi
1407 1723 1443 1789 in

317 1819 448 1903 speculo
470 1820 642 1904 originem,
670 1840 875 1906 progressus,
904 1826 1104 1902 contextum,
1132 1821 1239 1887 varias
1260 1819 1356 1898 sedes
1376 1841 1443 1888 me-

316 1916 400 1983 licae
426 1916 534 2030 poesis
555 1937 838 2002 recognoscamus,
867 1936 986 2000 operae
1006 1937 1086 1984 sanc
1112 1918 1250 2002 pretium
1273 1925 1322 1985 est
1350 1938 1441 1986 accru-

317 2015 456 2080 ratius
446 2035 481 2080 ιιι
515 2035 571 2082 eas
600 2017 771 2098 inquirere.
815 2015 885 2081 Hoc
917 2037 981 2082 non
1010 2015 1161 2082 Ahrensii
1192 2015 1351 2097 interfuit,
1385 2018 1440 2099 qui

317 2108 501 2178 certissimis
529 2113 704 2197 exemplis,
738 2111 852 2196 quibus
884 2113 995 2179 variae
1026 2113 1197 2179 mixtarum
1229 2113 1439 2180 dialectorum

316 2215 426 2292 partes
452 2215 648 2292 notarentur,
678 2217 863 2293 contentus,
892 2214 992 2276 totam
1020 2210 1188 2277 materiam
1217 2210 1382 2278 effundere
1409 2219 1441 2279 ct

316 2324 483 2374 recensere
510 2307 650 2374 nolebat.
694 2307 820 2374 Desunt
841 2305 947 2374 adbuc
973 2314 1101 2393 practer
1121 2307 1326 2386 Pindarum²l
1349 2329 1460 2375 acon--

316 2404 450 2472 rationes
479 2404 694 2490 quaestiones.
737 2404 873 2472 Videtur
892 2412 999 2472 autem
1027 2405 1119 2470 nulla
1139 2425 1191 2471 res
1212 2424 1231 2471 e
1252 2405 1439 2477 melicorum
1511 2479 1515 2488 ¹

314 2501 511 2586 fragmentis,
534 2524 618 2587 quae
638 2503 758 2587 insigni
780 2503 926 2570 doctrine
948 2509 980 2569 et
1001 2501 1171 2600 diligentia
1185 2523 1203 2569 e
1217 2505 1440 2586 grammatico·

313 2622 393 2684 rum,
416 2603 628 2685 metricorum,
651 2601 926 2698 philosophorum,
946 2601 1082 2666 aliorum
1097 2594 1223 2685 scriptis
1238 2600 1439 2685 collegerunt

199 2707 202 2710 '
264 2677 273 2696 ’
314 2698 374 2764 viri
396 2699 498 2782 docti,
528 2700 643 2766 melius
665 2700 788 2766 restitui
817 2717 913 2784 posse
935 2717 1031 2782 qnam
1053 2697 1183 2764 dialecti
1212 2697 1437 2782 intelligentia.

314 2797 398 2863 Nam
428 2797 479 2864 his
505 2797 761 2880 quaestionibus,
791 2816 874 2879 quae
902 2797 986 2864 serie
1014 2796 1242 2862 vocabulorum
1270 2796 1437 2864 solutam

312 2894 448 2978 singulis
470 2896 602 2962 vocibus
623 2914 662 2961 ac
683 2895 793 2962 formis
814 2899 992 2977 versantur,
1014 2915 1080 2960 non
1103 2898 1152 2960 cst
1172 2893 1436 2978 impedimentum

314 2992 456 3058 lacerata
484 2991 612 3057 illorum
639 2992 751 3057 torma.
802 2992 953 3057 Attamen
980 2998 1102 3057 rectum
1126 2990 1285 3076 judicium
1313 2991 1437 3059 duabus

314 3086 356 3154 de
377 3087 482 3153 causis
503 3088 685 3171 impeditur.
715 3089 762 3153 Ac
783 3088 920 3171 primum
936 3087 1065 3172 quidem
1087 3089 1170 3158 levis
1185 3095 1234 3156 est
1247 3089 1328 3158 tides
1349 3091 1437 3157 testi·

312 3184 500 3250 modiorum.
530 3185 615 3251 Nam
630 3205 700 3250 cum
717 3186 834 3266 omnia,
857 3206 940 3270 quae
954 3186 1056 3254 literis
1077 3193 1306 3271 propagantur,
1328 3187 1437 3256 multis

313 3283 501 3368 corruptelis
522 3283 687 3364 laborant,
710 3290 779 3350 tum
800 3285 859 3350 illa
880 3284 1031 3367 frustula,
1058 3304 1141 3368 quae
1162 3303 1278 3368 prosae
1300 3285 1435 3350 orationi

312 3381 481 3466 interjecta
501 3401 579 3466 prae
601 3381 763 3448 scierunt
785 3381 957 3449 dialectum
980 3403 1000 3448 a
1021 3382 1147 3465 vulgari
1168 3381 1325 3466 alienam3
1352 3400 1435 3465 quae

311 3480 408 3565 igitur
434 3500 456 3547 a
483 3478 668 3564 vulgaribus
698 3478 807 3545 formis
836 3479 941 3547 minus
971 3478 1150 3561 distabant,
1184 3479 1217 3544 in
1246 3480 1306 3545 has
1333 3479 1434 3560 abire,

311 3598 395 3662 quae
416 3585 510 3645 erant
531 3577 731 3658 obscuriora,
760 3577 917 3661 corrumpi
939 3577 1104 3660 solebant;
1134 3576 1216 3642 haec
1237 3575 1355 3642 menda
1377 3575 1435 3641 cri-

310 3677 366 3744 tici
387 3677 514 3744 facilius
529 3676 657 3759 tollunt,
679 3675 739 3740 illa
752 3694 878 3758 sanare,
902 3695 972 3741 cum
986 3696 1051 3741 non
1075 3695 1156 3758 pura
1171 3675 1281 3758 aliqua
1295 3673 1433 3740 dialecto

254 3801 261 3816 .
310 3781 428 3858 poetae
454 3780 600 3857 utantur,
630 3790 669 3840 eo
696 3772 851 3856 majorem
880 3772 979 3839 babet
1005 3771 1244 3854 difficultatem,
1278 3771 1364 3855 quod
1393 3791 1442 3862 ne,

310 3873 403 3938 metri
429 3871 558 3954 quidem
586 3871 796 3938 certissimum
825 3868 978 3936 indicium
1006 3869 1124 3954 ubique
1145 3867 1302 3936 adhibere
1323 3888 1432 3953 possu-

381 4081 403 4147 ι
419 4081 489 4149 Aug.
508 4081 588 4136 Peter
604 4072 647 4136 D'c
665 4079 779 4135 dialecto
796 4077 916 4134 Pindari.
951 4077 1031 4134 Helle
1050 4083 1123 4134 1866.
