3208 4928
274 455 336 516 278
768 455 902 510 Schrader

273 629 357 694 tituli
378 653 398 692 τ
419 635 495 695 ante
512 654 524 693 ι
539 627 779 712 religiosissime
793 632 986 693 conservant
1007 626 1047 691 ci.
1064 630 1212 709 κρίνοντι
1234 624 1403 707 (tysedi),

275 725 460 804 ὄιακάτιοι,
489 725 576 815 unde
605 732 740 809 apparet
761 725 896 806 Aeoles,
925 730 1098 807 antequam
1120 725 1154 789 in
1176 723 1332 790 dialectos
1356 723 1404 788 di-

274 822 492 906 grederentur,
515 825 578 888 hac
598 823 632 888 in
654 841 689 888 re
711 823 922 889 Doriensibus
944 842 1039 906 pares
1060 822 1169 889 fuisse.

358 920 559 1002 Quamquam
581 939 623 985 ne
645 940 716 984 eum
737 920 863 986 Lesbiis
891 919 1019 1002 quidem
1041 920 1119 985 solis
1143 939 1208 984 uno
1231 924 1263 986 et
1286 919 1403 985 eodem

272 1025 418 1101 tempore
446 1017 589 1084 Arcades
621 1017 653 1081 in
684 1017 774 1082 illam
806 1017 1016 1083 mutationem
1050 1016 1200 1101 delapsos
1233 1035 1304 1082 esse
1332 1016 1402 1082 veri

273 1114 379 1180 simile
402 1113 480 1179 mihi
494 1114 631 1180 videtur.
668 1112 702 1179 Si
725 1114 810 1179 enim
833 1114 1002 1197 probabile
1025 1120 1073 1181 cst
1087 1114 1222 1181 Lesbios
1237 1113 1401 1197 quondam

274 1218 306 1278 et
328 1211 466 1278 Boeotos
487 1231 584 1278 unam
607 1216 736 1294 gentem
758 1211 873 1292 fuisse,
902 1212 1014 1294 negari
1036 1232 1101 1277 non
1124 1218 1245 1294 potest,
1272 1230 1343 1277 cum
1367 1211 1401 1274 bi

273 1315 415 1393 veterem
443 1309 582 1376 litteram
602 1332 622 1372 τ
652 1316 858 1392 conservent,
887 1310 961 1376 illos
988 1311 1021 1375 in
1043 1310 1123 1392 ipsis
1144 1310 1243 1375 Asiae
1266 1307 1400 1374 coloniis

273 1407 386 1472 Ionum
409 1408 544 1472 fortasse
566 1406 731 1472 vicinitate
757 1415 931 1473 commotos
953 1426 973 1472 a
995 1407 1168 1473 vetustiore
1190 1413 1276 1472 statu
1300 1405 1401 1471 desci-

275 1504 361 1570 visse
372 1511 469 1586 atque
483 1505 530 1569 ita
541 1508 731 1569 concentum
746 1503 836 1568 illum
849 1503 1009 1568 Arcadum
1024 1504 1086 1569 hae
1099 1504 1133 1568 in
1145 1522 1262 1570 recum
1274 1502 1400 1569 Lesbiis

274 1621 353 1668 casu
368 1621 439 1669 csse
454 1603 584 1668 iactum.
617 1600 762 1680 Quadrat
776 1621 852 1668 vero
867 1600 909 1666 ad
926 1621 997 1667 eam
1015 1621 1104 1678 rem‚·
1116 1599 1202 1682 quod
1216 1597 1400 1666 vetustioris

272 1705 375 1765 status
397 1698 553 1781 reliquiae
574 1698 609 1762 iu
630 1698 703 1781 ipsa
717 1699 860 1765 lesbiaea
875 1700 1014 1765 dialecto
1029 1699 1238 1781 reperiuntur.
1272 1697 1311 1762 cf.
1327 1701 1399 1761 Πο-

271 1795 370 1861 τίόαν
398 1794 477 1867 Ahr.
504 1795 615 1859 1123.
659 1795 733 1861 Non
760 1817 836 1863 vero
870 1795 992 1862 ἕπετον
1022 1815 1080 1878 pro
1111 1793 1236 1860 ’τ’ττοσον
1266 1795 1335 1859 Α10.
1358 1798 1399 1859 60

272 1892 410 1976 Bergk.³
453 1891 585 1957 Cramer
615 1912 668 1956 an.
698 1891 758 1958 Ox.
789 1895 804 1957 Ι
836 1899 905 1974 144,
930 1898 949 1958 6
977 1899 1037 1958 τοῦ
1065 1897 1158 1958 rcere
1190 1885 1209 1955 ὁ
1239 1888 1399 1974 ἀόριστος

273 1987 422 2073 ὤφειλεν
451 1983 539 2052 εἶναι
569 1987 707 2052 doceor·
735 1985 894 2066 Ἀλκαῖος
924 1994 1082 2077 κέχρηται
1112 1989 1174 2054 huc
1195 1987 1399 2055 referendum

274 2089 339 2164 est,
364 2101 441 2148 ¹eum
473 2082 598 2149 ἔπεσον
628 2085 700 2150 sine
728 2084 825 2149 dubio
853 2105 894 2151 ex
923 2083 1129 2153 *ἓντετ-σον
1158 2092 1261 2150 ortum
1291 2086 1332 2150 sit
1360 2083 1400 2149 cf.

273 2181 313 2247 G.
338 2181 465 2246 Curtius
487 2179 575 2245 verb.
597 2181 718 2246 Ι1284.

360 2279 390 2341 2.
419 2296 483 2342 arc.
506 2270 575 2340 ἆττύ
598 2283 661 2360 teg.
678 2281 708 2342 3.
749 2273 829 2344 dura
852 2286 915 2362 teg.
932 2285 983 2345 40.
1022 2278 1103 2345 κατύ
1126 2285 1190 2362 teg.
1207 2283 1258 2344 29.
1296 2278 1336 2343 of.
1360 2277 1401 2343 dc

275 2373 402 2441 Lesbiis
415 2373 493 2438 Ahr.
510 2374 577 2438 181
601 2381 634 2440 et
649 2375 756 2441 Hirzel
778 2397 833 2441 zur
857 2377 1006 2444 Beurteil.
1026 2381 1074 2442 12.
1112 2376 1199 2460 Opus
1221 2383 1328 2442 autem
1352 2380 1402 2440 est

272 2471 306 2538 in
328 2490 364 2539 re
385 2471 495 2555 magni
517 2471 669 2556 ponderis
690 2473 799 2556 paullo
822 2475 918 2540 altius
934 2481 1095 2558 repetere3
1118 2474 1280 2557 quaeritur
1303 2472 1401 2553 enim,

272 2569 406 2636 mutatio
433 2569 492 2635 illa
525 2573 662 2646 o(e):e
696 2576 800 2635 utrum
831 2573 897 2637 iam
930 2592 968 2638 eo
996 2578 1157 2655 tempore,
1189 2589 1251 2658 quo
1271 2569 1403 2635 -Aeolcs

272 2666 416 2732 nondum
438 2667 472 2731 in
495 2665 650 2733 dialectos
672 2666 808 2749 digressi
830 2673 939 2748 eraut,
965 2667 1118 2750 valuerit,
1141 2686 1184 2731 an
1205 2667 1239 2730 in
1263 2667 1402 2750 singulis

272 2763 420 2830 dialectis
435 2763 637 2830 increbuerit.
661 2764 721 2830 Hic
732 2785 808 2831 vero
820 2764 1027 2830 dialectorum
1043 2765 1104 2830 hac
1119 2764 1152 2829 in
1167 2782 1201 2829 re
1217 2771 1319 2830 status
1336 2770 1402 2830 est:

382 2865 410 2925 1.
446 2879 510 2926 arc.
533 2857 603 2926 aaa
640 2895 677 2906 —
701 2862 781 2928 lesb.
805 2857 874 2926 ἀντύ
897 2897 939 2908 -
961 2881 1048 2946 cypr.
1071 2857 1151 2925 ἀπό.

447 2975 511 3022 arc.
535 2953 615 3020 ἄλλα
638 2993 679 3003 -—
700 2957 779 3023 losb.
804 2957 913 3040 δεῦρο.

381 3196 412 3256 2.
449 3212 512 3258 arc.
537 3190 619 3258 κατα
642 3229 684 3239 -
706 3195 785 3261 lesb.
808 3195 902 3260 κατά.

447 3311 511 3356 aru.
537 3294 711 3374 &puoso-v
742 3312 829 3376 cypr.
854 3291 1108 3376 Ὀνασαγόρα-ο.
1131 3327 1172 3337 -
1200 3289 1279 3355 1001).
1304 3285 1405 3372 εὐερ-

534 3392 649 3472 pecc-c
676 3394 843 3471 (gramm).
960 3448 967 3463 ,

446 3505 509 3550 arc.
533 3485 599 3550 --1
622 3505 710 3570 cypr.
733 3491 862 3569 γένοιτο
886 3522 926 3532 -
948 3485 1028 3551 lesb.
1053 3482 1181 3565 εὔξατο.

376 3733 410 3794 3.
447 3729 527 3796 lesb.
550 3725 670 3811 ὅμοιος
693 3763 734 3774 -
755 3748 818 3793 arc.
842 3723 1075 3810 ὁμοθυμαδὸν.
1112 3745 1199 3809 cypr.
1220 3719 1320 3805 ὁμοῦ.

447 3823 719 3906 1001).ττύταμος,
751 3822 875 3906 στόμα,
905 3823 987 3908 σύρξ
1007 3859 1050 3870 -
1070 3842 1135 3888 arc.
1157 3817 1309 3901 πόλεμος
1339 3829 1404 3890 010.

448 3920 529 3988 1001).
544 3920 796 3987 credederunt.
832 3941 896 3987 arc.
915 3917 1069 3996 ἆτοοόόας
1083 3955 1126 3966 -
1139 3936 1227 4002 cypr.
1243 3913 1402 3997 ἐπέδνκο,

542 4017 682 4098 δαπάνα).
719 4017 760 4082 cf.
781 4022 891 4100 paud
912 4016 957 4082 ad
975 4022 1002 4082 1.
