3208 4928
241 500 243 510 ’
322 478 385 541 286
822 477 957 534 Schrader

322 654 420 735 longa
448 650 551 717 vocali
587 655 609 714 ᾶ
643 671 700 734 pro
734 676 753 736 q
785 652 876 718 eleae
909 647 1038 715 dialecti
1075 649 1231 716 diudicari
1264 655 1372 734 potest
1409 651 1458 717 de

322 749 412 817 brevi
434 750 493 814 illa
509 749 614 815 vocali
636 745 668 828 ἄ,
693 767 774 830 quae
796 747 956 813 interdum
979 767 1036 830 pro
1060 771 1075 812 ε
1098 749 1131 812 16
1155 748 1300 814 dialectis
1321 749 1456 830 gramis

223 847 228 854 ’
321 849 447 932 legitur,
469 865 574 928 neque
589 865 648 928 ego
664 846 859 910 accuratiore
874 843 1095 924 disquisitione
1109 865 1174 910 non
1192 846 1340 910 instituta
1354 844 1456 910 locri·

323 940 655 1026 6661116ᾱπατάρα
679 962 749 1007 cum
772 943 842 1008 eleo
865 929 976 1024 πατᾶρ
999 941 1226 1009 coniunxerim.

409 1040 475 1108 Sed
507 1041 548 1107 de
581 1041 631 1106 his
663 1041 758 1107 rebus
790 1039 856 1106 6116
885 1040 1052 1105 666661666
1081 1040 1157 1104 (1616
1186 1040 1363 1104 6666161166
1395 1057 1455 1104 ex·

323 1158 489 1223 ponemus.

409 1236 503 1300 Nunc
525 1235 585 1300 hoo
606 1234 700 1300 nobis
722 1235 789 1300 veri
811 1232 1008 1300 simillimum
1031 1233 1159 1299 videtur
1181 1233 1312 1298 nomina
1333 1233 1392 1297 1116
1414 1232 1454 1297 16

325 1344 384 1406 tor,
409 1353 562 1407 666166,
586 1355 622 1396 τε
644 1333 739 1400 etiam
762 1333 796 1396 in
824 1332 955 1413 prima
977 1330 1221 1396 Graecorum
1245 1331 1389 1412 lingua
1414 1328 1452 1394 in

299 1499 302 1506 ,
325 1435 438 1515 -τᾶρ,
462 1435 548 1510 -ᾶν,
572 1435 692 1512 -μᾶν,
715 1429 784 1506 -κᾶς
807 1429 933 1495 exiisse.
967 1429 1061 1507 Quod
1076 1448 1152 1494 vero
1167 1449 1238 1494 cum
1253 1429 1299 1493 ita
1314 1427 1364 1508 sit,
1380 1447 1451 1491 non

324 1529 453 1611 dubito,
476 1529 552 1610 quin
574 1528 607 1593 in
630 1527 749 1592 nomin.
771 1547 877 1610 propr.
901 1527 966 1592 illis
987 1526 1020 1590 in
1042 1525 1165 1602 -κλέᾰς
1187 1533 1221 1590 61
1239 1523 1448 1600 Ἱπποκλέᾶς,

321 1622 577 1710 Ἀριστοκλέᾶς,
612 1627 811 1707 Δαμοκλέᾶς
841 1633 917 1703 eto,
951 1623 993 1690 de
1029 1623 1143 1706 quibus
1175 1624 1243 1706 agit
1270 1622 1451 1690 Ahrcnsius

258 1753 264 1760 -
324 1724 356 1789 ΙΙ
383 1729 452 1789 147.
473 1727 535 1788 660
565 1743 664 1804 sequ,
692 1724 809 1788 veteris
837 1723 958 1787 vocalis
988 1726 1009 1785 ᾶ
1038 1721 1193 1802 reliquiae
1221 1719 1450 1801 agnoscendae

323 1821 396 1886 sint.
441 1821 561 1886 Facere
588 1828 695 1886 autem
717 1819 829 1886 videor
858 1819 937 1883 mihi
966 1820 1027 1884 1166
1054 1820 1088 1883 in
1115 1838 1243 1884 recum
1267 1818 1305 1884 G.
1329 1817 1449 1898 Curtio,

325 1919 378 2000 qui
401 1918 479 1984 dicit
498 1918 664 1995 (Zeitschr.
694 1918 715 1982 i.
739 1917 979 1982 Alterthumsw.
1003 1920 1094 1982 1844.
1119 1919 1208 1992 6436
1242 1914 1323 1992 „das
1351 1915 1451 1996 lange

326 2037 344 2076 α
371 2015 414 2081 161
442 2015 511 2080 hier
533 2036 593 2080 nur
614 2035 672 2079 666
704 2013 760 2080 der
788 2015 1052 2096 urspringliohen
1074 2012 1214 2094 Endung
1243 2013 1301 2079 des
1322 2012 1451 2078 Wortes

326 2111 423 2188 κλέος
446 2112 556 2187 -κλέᾶς
580 2111 779 2177 6111161·1)61.“

411 2209 555 2288 iamnes,
572 2207 605 2272 61
621 2207 724 2286 161161,
741 2207 820 2272 haec
835 2207 907 2272 tuit:
929 2208 1066 2290 primum
1082 2206 1210 2290 quidem
1226 2203 1449 2284 61εὐκλετᾶς,

327 2299 792 2385 εὖκλετεσ-οςτἹπποκλετᾶς,
805 2300 1064 2381 Ἱπποκλεπεσος
1080 2305 1274 2371 declinatum
1290 2311 1347 2370 661.
1381 2305 1450 2368 Μ6-

325 2415 395 2472 1616
416 2411 533 2483 autem,
557 2409 643 2468 certe
664 2403 849 2486 priusquam
873 2397 1031 2479 εὐκλεεᾰς
1053 2405 1086 2468 16
1110 2399 1271 2488 adalardo
1292 2407 1450 2467 mutatum

326 2511 390 2582 est,
421 2496 642 2578 Ἱπποκλέτᾶς
671 2507 730 2566 616.
761 2501 795 2565 16
827 2501 1011 2583 analogiam
1045 2520 1138 2565 nom.¹
1160 2520 1265 2583 propr.
1294 2501 1327 2565 in
1356 2503 1452 2576 -ᾆ-ς

326 2601 407 2668 decl.
430 2601 447 2664 I
469 2595 713 2682 (Ἡρακλείδας,
736 2601 888 2675 Κωτέας,
912 2603 1074 2674 νεανίας),
1098 2618 1170 2664 oum
1192 2600 1288 2680 longe
1310 2599 1451 2680 plurima

326 2705 443 2779 essent,
466 2696 630 2762 transferri
646 2703 791 2779 coeptum
814 2700 872 2774 est,
896 2701 931 2759 ut
953 2696 1073 2778 duplex
1096 2700 1237 2761 oreretur
1259 2694 1449 2760 declinatio:

391 2851 393 2856 .
410 2795 549 2860 Primum
566 2796 676 2871 rarior,
698 2800 733 2858 ut
755 2796 908 2868 rcovto'rg:
942 2786 1140 2868 Ἱπποκλέᾶς
1161 2811 1235 2874 gen.
1248 2788 1394 2877 Ἰφικλέᾰ
1413 2795 1449 2869 (ἃ

327 2915 367 2959 ex
397 2902 479 2970 o-o)
510 2892 574 2957 dat.
595 2887 773 2974 Ἱπποκλέᾳ
794 2889 899 2968 (Pind.
922 2889 957 2953 P.
980 2889 1012 2954 X
1034 2895 1063 2970 5,
1089 2893 1142 2966 57)
1163 2909 1228 2954 666.
1249 2883 1450 2954 Ἱπποκλέαν

326 2988 464 3066 (Pind‘q
487 3007 555 3053 voc.
576 2985 776 3070 Πατροκλέα
800 2986 837 3052 61.
855 2985 981 3051 Α111666
996 2988 1028 3052 ΙΙ
1045 2990 1115 3052 562.
1154 2985 1281 3053 Deinde
1295 2985 1449 3069 vulgaris,

326 3092 361 3150 ut
387 3079 539 3170 εὖκλεήςε
579 3079 787 3170 Ἱπποκλέης,
807 3078 1023 3160 Ἱπποκλέοος
1046 3092 1104 3149 616.

412 3180 523 3248 Simile
555 3181 589 3246 in
618 3172 702 3246 nom.
731 3202 838 3264 propr.
868 3200 937 3246 eum
966 3181 1070 3258 -λαος
1098 3180 1281 3263 compositis
1316 3179 1449 3262 accidit;

314 3277 495 3365 postquam
523 3281 607 3344 enim
636 3280 670 3345 in
698 3279 897 3345 nominativo
930 3278 1034 3354 -λαος
1065 3278 1173 3344 dorice
1204 3277 1237 3341 in
1265 3276 1348 3352 -λας
1377 3297 1451 3341 666-

327 3385 459 3444 1166166
482 3385 546 3460 661,
576 3378 690 3460 reliqui
712 3397 804 3443 66666
825 3376 961 3461 primam
984 3374 1179 3440 6666116661
1202 3373 1450 3439 declinationem

326 3479 415 3556 (thr.
430 3477 462 3541 ΙΙ
474 3480 548 3550 tot)
571 3476 609 3540 cf.
622 3494 695 3557 gen.
708 3470 886 3556 Ἀρκεσίλα
910 3472 974 3539 dat.
989 3469 1072 3556 Ἰόλα
1087 3491 1153 3537 666.
1166 3465 1363 3554 Ἀρκεσίλαν
1380 3490 1449 3534 voe.

327 3575 559 3659 Πρωτεσίλα,Ι
577 3593 656 3655 quas
684 3572 802 3636 formas
829 3592 894 3636 non
917 3590 956 3636 ex
977 3563 1200 3652 Ἀρκεσιλάω,
1228 3564 1448 3652 Ἀρκεσιλάῳ,

324 3671 545 3757 Ἀρκεσίλαον
562 3690 633 3736 6666
648 3676 837 3747 6661166166,
861 3675 989 3751 praeter
1004 3674 1169 3732 accentum
1185 3665 1324 3729 vocativi
1345 3665 1450 3729 forma

329 3772 489 3850 docemur,
506 3769 558 3851 qui
575 3787 677 3847 casus,
694 3767 722 3830 61
737 3786 764 3830 e.
780 3786 810 3848 g.
826 3785 846 3830 6
861 3764 1097 3848 Πρωτεσίλα-ε
1114 3763 1269 3844 originem
1287 3763 1450 3843 traxisset,

329 3864 682 3949 (161166*Πρωτεσέλη
706 3862 818 3928 audire
841 3861 988 3928 debebat.

413 3964 525 4030 Altera
540 3962 685 4046 quaestio
708 3961 787 4025 haec
807 3959 899 4024 nobis
921 3958 1083 4043 proposita
1105 3953 1173 4036 tuit,
1191 3974 1271 4036 qua
1293 3957 1360 4020 via
1381 3957 1453 4022 sive

330 4062 473 4144 quibus
503 4061 547 4127 de
575 4059 708 4126 666616
736 4058 770 4122 16
799 4055 1034 4122 aeolo-doricis
1062 4071 1186 4135 qnoque
1216 4050 1362 4117 dialectis
1393 4052 1454 4118 illa
