3226 4948
210 523 233 542 V·
287 455 348 516 360
799 453 890 522 Spiess

286 626 445 711 vindicat,
476 626 533 694 sed
562 647 627 693 non
649 632 742 692 tanta
771 632 820 692 est
848 627 1047 708 grammatici
1075 629 1261 710 auctoritas,
1292 635 1414 711 quauta

288 727 371 794 alius
399 726 594 808 argumenti;
624 743 699 790 nam
727 725 894 806 analogia,
930 745 1024 808 quam
1053 727 1143 809 sequi
1176 727 1349 808 debemus,
1385 727 1413 792 si

289 824 438 910 erempla
460 823 584 904 desunt,
606 823 770 905 probatur,
794 822 875 888 haec
890 821 1052 906 adjectiva
1067 824 1100 889 in
1116 824 1277 890 severiore
1293 823 1414 894 Doride

242 933 248 940 “
288 925 322 988 in
350 944 448 1007 -ηνος
477 921 611 986 exiisse,
651 921 801 984 Attamen
831 920 1042 986 labefactatur
1070 928 1179 987 nostra
1212 921 1413 990 ratiocinatio

289 1020 359 1085 loco
381 1018 521 1102 quodam
542 1017 723 1084 Pausaniae
747 1017 796 1082 lll
822 1021 870 1084 18.
890 1020 918 1098 6,
942 1018 995 1082 ubi
1019 1039 1116 1082 unam
1139 1037 1158 1084 e
1179 1019 1280 1084 tribus
1295 1018 1415 1084 Gratiis

290 1137 310 1182 a
332 1115 513 1182 Laconibus
535 1115 627 1181 cultis
652 1120 803 1182 Φαένναν
827 1115 904 1180 dicit
925 1115 959 1193 (i.
980 1135 1007 1181 e.
1032 1120 1208 1190 Φαέσναν).

374 1213 473 1280 Aliud
494 1212 676 1296 geminatae
696 1213 819 1278 nasalis
841 1213 1024 1296 exemplum
1040 1215 1149 1296 Bergk
1170 1214 1207 1279 fr.
1226 1220 1239 1278 1
1265 1207 1322 1280 suo
1341 1212 1416 1296 jure

291 1332 332 1379 ex
353 1332 417 1378 uuo
440 1310 549 1376 codice
572 1311 605 1375 in
627 1311 729 1378 lucem
753 1309 924 1393 protraxit,
954 1310 1000 1375 ita
1029 1318 1062 1375 ut
1090 1318 1191 1378 metro
1219 1311 1413 1392 subveniret,

160 1457 165 1466 ,
291 1406 569 1491 πολυμμελές.
621 1409 708 1474 Haeo
738 1409 841 1473 forma
876 1427 979 1490 neque
1012 1427 1052 1474 ex
1082 1409 1230 1492 Aeolica,
1251 1427 1416 1491 nequeo

291 1507 410 1596 Dorica
439 1506 575 1597 dialecto
606 1505 760 1588 explicari
790 1512 910 1588 potest,
943 1524 1047 1589 neque
1076 1507 1207 1573 omnino
1240 1513 1357 1572 natura
1385 1513 1417 1571 et

292 1603 481 1669 necessitate
500 1611 569 1668 orta
584 1603 722 1682 est,.sed
744 1602 894 1667 licentiae
909 1601 1035 1667 cuidam
1058 1611 1173 1686 poetae
1195 1604 1339 1688 debetur,
1362 1603 1438 1685 qui*

292 1701 433 1766 imitatus
455 1719 525 1766 esse
547 1699 674 1766 videtur
696 1700 820 1782 epicam
843 1701 976 1814 formam
1001 1699 1229 1786 φιλομμειόής
1252 1703 1342 1767 alias.

614 1937 706 2014 §lib
752 1938 808 2001 Dc
830 1936 1098 2018 spirantibus.

380 2088 467 2153 Nihil
491 2093 556 2149 tam
582 2086 744 2167 proprium
768 2095 816 2151 est
838 2079 1017 2158 Laconicae
1040 2085 1184 2164 dialecti,
1215 2108 1308 2168 quam
1332 2089 1418 2170 quod
1455 2074 1462 2080 ’

295 2190 444 2267 &saepe
471 2184 504 2247 in
527 2205 564 2259 c,
595 2203 615 2244 α
642 2182 725 2247 inter
756 2181 885 2248 vocales
914 2182 946 2246 in
976 2183 1122 2266 spiritum
1152 2204 1301 2268 asperum
1330 2187 1419 2250 abiit.

295 2283 472 2362 Utramque
493 2280 701 2348 mutationem
723 2279 757 2343 in
773 2279 951 2364 Lysistrata
972 2280 1108 2362 invenis,
1130 2283 1221 2349 illam
1240 2282 1309 2366 jam
1332 2282 1419 2366 apud

297 2377 483 2444 Alcmanem
500 2385 642 2444 nostrum
664 2375 886 2460 conspicimus,
911 2378 995 2444 bano
1010 2379 1183 2447 ostendunt
1196 2381 1422 2464 inscriptiones
1547 2452 1551 2461 ¹

296 2471 369 2561 p‘ost
396 2475 521 2542 initium
551 2477 628 2542 belli
662 2475 928 2558 Peloponnesiaci
958 2484 1127 2561 exaratae,
1160 2484 1304 2544 neutram
1337 2477 1422 2542 tituli

217 2591 220 2596 ’
297 2575 409 2658 paullo
431 2575 629 2640 vetustiores.
672 2576 817 2656 Apparet
845 2573 949 2656 igitur,
978 2575 1062 2640 inter
1090 2594 1125 2640 se
1155 2594 1299 2658 pugnare
1322 2576 1421 2640 vario-

299 2693 367 2738 rum
391 2671 525 2737 fontium
548 2673 697 2738 rationes.
743 2673 853 2738 Altera
875 2671 1003 2753 quidem
1032 2673 1211 2756 proprietas
1234 2673 1255 2738 σ
1276 2673 1309 2737 in
1333 2672 1424 2756 spiri-

298 2777 364 2836 tum
387 2769 532 2834 mutandi
558 2790 622 2835 non
652 2771 765 2850 babet,
795 2771 829 2833 in
859 2789 921 2850 quo
949 2769 1111 2849 offendas,
1140 2770 1167 2836 si
1190 2789 1261 2836 eam
1285 2779 1424 2836 exeunte

299 2868 427 2934 saeculo
450 2867 560 2949 quinto
582 2868 615 2933 in
637 2868 781 2950 linguam
804 2865 970 2948 irrepsisse
992 2868 1108 2948 sumis,
1139 2875 1171 2933 et
1192 2867 1290 2932 tradit
1312 2867 1424 2932 doctus

300 2963 429 3047 quidam
451 2965 678 3044 grammaticus
700 2964 822 3030 Anecd.
846 2960 949 3027 Oxou.
973 2967 1044 3028 278.
1073 2969 1109 3027 14
1137 2960 1302 3039 Λάκωνες
1324 2969 1424 3045 μῶσα

300 3061 358 3124 καὶ
381 3057 413 3123 οἱ
443 3065 721 3142 μεταγενέστεροι
744 3057 912 3136 Λάκωνες
940 3055 1017 3124 ἄνευ
1044 3064 1104 3124 τοῦ
1127 3081 1148 3124 σ
1169 3066 1254 3141 μῶα.
1299 3063 1424 3126 Tamen

300 3176 365 3221 non
389 3172 501 3219 omnes
530 3156 589 3220 viri
619 3156 704 3222 docti
733 3156 816 3220 banc
845 3157 1053 3238 sententiam,
1085 3175 1167 3240 quae
1195 3165 1243 3224 est
1265 3158 1424 3239 Abrensii,

301 3252 443 3335 amplexi
465 3258 548 3335 sunt,
571 3254 625 3335 qui
647 3253 732 3319 hunc
746 3253 968 3318 Laconismum
985 3255 1196 3337 antiquiorem
1213 3275 1284 3322 esse
1301 3257 1425 3333 volunt,
1525 3274 1529 3282 ’

233 3391 241 3399 -
284 3343 395 3435 'quem
418 3357 473 3414 aut
494 3352 697 3434 repudiatum
720 3371 792 3418 esse
814 3351 855 3416 ab
871 3353 1027 3418 Alcmana
1049 3360 1163 3434 putant
1185 3356 1231 3429 (ut
1252 3354 1361 3436 Bergk
1383 3353 1424 3418 de

302 3450 478 3514 litterarum
502 3447 557 3512 Gr.
574 3447 646 3514 hist.
666 3450 753 3513 166:
784 3449 845 3515 Die
866 3451 1007 3532 'l‘ilgung
1030 3450 1087 3516 des
1103 3473 1123 3515 σ
1138 3450 1179 3516 ist
1202 3450 1273 3516 dem
1290 3450 1425 3516 Alcman

303 3546 509 3625 unbekannt,
533 3546 580 3611 sie
601 3545 715 3628 gehbrt
737 3547 818 3610 eben
842 3547 899 3613 der
921 3547 1011 3612 Rede
1033 3546 1089 3614 des
1113 3548 1310 3630 Volkes·an,
1335 3548 1426 3613 ward
1513 3587 1518 3595 «

304 3645 374 3709 also
396 3643 429 3706 in
453 3642 510 3707 der
532 3642 804 3724 schriftmassigen
825 3643 968 3726 Spracbe
995 3645 1193 3726 gemieden),
1223 3653 1279 3711 aut
1300 3648 1333 3710 in
1356 3646 1426 3728 ejus

306 3739 493 3822 fragmentis
515 3740 680 3804 restituere
702 3747 858 3806 conantur
887 3742 943 3819 (sic
965 3743 1114 3809 Meineke
1136 3744 1295 3809 Athenaei
1324 3742 1428 3809 editor

305 3836 414 3902 scribit
443 3841 518 3918 μῶα
548 3837 584 3901 fr.
609 3841 659 3917 37,
696 3833 781 3920 παρ’
813 3833 974 3922 ἅσόφοῑιν
1001 3840 1038 3904 fr.
1062 3842 1103 3903 25
1136 3847 1247 3906 contra
1275 3838 1426 3905 librorum

306 3934 547 4010 auctoritatem).
581 3928 735 4016 Majorem
756 3932 972 4011 difficultatem
996 3937 1094 4003 habet
1108 3938 1212 4004 altera
1226 3938 1371 4019 quaestio
1387 3938 1428 4004 de

214 4089 222 4104 ,
306 4035 335 4094 θ
357 4031 390 4094 in
414 4051 435 4094 σ
456 4037 590 4097 mutato.
632 4031 786 4113 Ignorant
814 4031 898 4097 bano
926 4035 1151 4118 proprietatem
1183 4053 1294 4100 omnes
1319 4036 1428 4102 inscri-
