3226 4948
286 454 348 516 390
580 479 581 484 ¹
750 442 756 452 ¹
811 454 887 522 Ruga

287 629 381 707 cedit,
404 636 440 693 ut
454 627 557 692 altera
572 627 674 691 forma
688 645 731 692 ex
745 628 848 692 altera
864 633 975 692 exorta
990 625 1040 705 sit,
1064 624 1123 692 sed
1137 623 1268 710 filiabus
1282 632 1337 690 aut
1357 645 1419 710 per

286 725 468 807 analogiam
491 725 606 790 tertiae
628 742 711 806 quae
734 723 848 788 dicitur
864 721 1086 790 declinationis
1109 723 1279 787 formatum
1301 729 1417 806 putan-

287 821 362 888 dum
385 828 434 890 est
462 827 534 902 aut,
564 821 650 905 quod
679 821 757 902 mihi
787 821 916 905 quidem
944 821 1148 888 verisimilius
1176 819 1303 886 videtur·
1332 840 1414 904 esse,

286 919 391 986 suffixi
414 921 470 983 tus
493 918 637 1003 (bbjoms)
666 938 727 1003 ope
749 917 862 985 eodem
884 918 979 985 modo
1001 925 1097 1002 atque
1120 925 1295 985 ceterarum
1319 916 1416 984 decli-

286 1019 453 1082 nationum
476 1017 609 1083 ablativi
633 1035 803 1100 procusum
827 1021 885 1084 est.

374 1114 504 1179 Miranti
529 1114 602 1197 tibi,
626 1114 703 1198 quid
726 1114 768 1180 sit
789 1113 874 1196 quod
896 1114 963 1179 illic
984 1132 1078 1178 casus
1099 1113 1227 1193 localis,
1251 1111 1303 1177 hic
1325 1113 1415 1180 abla-

287 1211 380 1277 tivus
401 1211 617 1294 superaverit,
647 1213 707 1278 hoc
736 1212 770 1277 in
799 1217 938 1278 mentem
967 1231 1099 1276 revoca:
1137 1209 1244 1293 priore
1269 1217 1413 1294 tompore

288 1308 390 1374 exitus
412 1309 507 1374 futuri
534 1308 628 1375 latini
658 1309 720 1385 (bo)
743 1310 777 1374 in
806 1310 953 1375 omnibus
982 1307 1261 1390 coniugationibus
1281 1307 1415 1375 adhibe·

287 1407 380 1473 batur
402 1407 452 1482 (cl.
475 1407 557 1471 Eun.
581 1407 698 1472 Plaut:
730 1405 842 1470 audibo
864 1426 894 1472 a.
917 1409 969 1487 a),
983 1433 986 1438 ·
999 1411 1112 1488 postea
1134 1425 1210 1470 vero
1232 1414 1356 1472 tantum
1380 1407 1414 1473 in

286 1505 334 1570 eis
357 1505 647 1586 coniugationibus,
678 1523 760 1587 quae
782 1503 885 1588 prima
906 1510 1002 1586 atque
1023 1504 1126 1568 altera
1147 1510 1311 1584 vocantur,
1341 1523 1413 1570 cum

287 1603 429 1684 reliquae
459 1602 699 1684 coniugationes
729 1603 848 1669 exitum
884 1600 1077 1667 coniunctivi
1107 1601 1158 1665 vel
1188 1601 1321 1684 optativi
1350 1603 1413 1668 sibi

287 1708 459 1767 sumerent.

571 1855 599 1914 2.
643 1851 866 1916 Ablativus
896 1851 1129 1934 singularis.

373 1986 475 2073 Huius
497 2007 590 2052 casus
612 1987 716 2053 exitus
739 1973 1008 2052 substantivorum
1035 1985 1069 2050 iu
1092 1986 1204 2068 lingua
1226 1987 1413 2065 sanseritica

287 2086 321 2149 in
344 2106 363 2146 u
386 2085 569 2149 exeuntium
599 2087 632 2146 cit
653 2085 764 2166 (aeaut)
795 2091 859 2163 est,
889 2103 982 2165 quern
1005 2083 1139 2149 fortasse
1161 2091 1247 2149 recte
1269 2084 1415 2153 Maximi-

287 2182 393 2247 lianus
415 2180 588 2246 Muellerus
611 2181 743 2264 (Essays
764 2180 818 2244 IV.
843 2202 916 2264 pag.
941 2183 1016 2258 415)
1045 2200 1086 2246 ex
1108 2180 1151 2242 ud
1171 2181 1292 2264 (ucadd)
1313 2191 1414 2248 muta·

287 2286 354 2345 tum
377 2297 448 2344 esse
469 2276 638 2360 iudicavit,
669 2297 752 2360 quae
773 2277 884 2344 forma*
898 2279 1086 2346 consonanti
1107 2279 1130 2342 d
1150 2280 1320 2346 terminata
1342 2301 1413 2346 cum

286 2377 321 2441 in
344 2375 456 2459 lingua
477 2375 652 2458 slavonica,
676 2375 872 2461 sanseritiea,
894 2397 1012 2460 graeca
1033 2377 1100 2454 (ubi
1123 2377 1191 2443 cius
1213 2386 1336 2461 partem
1358 2378 1415 2444 ad·

286 2474 399 2546 ¹verbia
413 2474 446 2538 in
459 2496 505 2549 ως
519 2474 669 2539 exeuntia
684 2482 905 2558 susceperunt)
921 2476 983 2541 nisi
998 2476 1031 2539 in
1046 2475 1232 2540 masculinis
1248 2482 1280 2541 et
1293 2478 1414 2542 neutris

287 2572 433 2654 stirpium
449 2571 483 2635 in
499 2592 518 2632 a
533 2577 565 2636 et
581 2573 821 2654 pronominibus
837 2594 902 2638 non
917 2579 1030 2654 exstet,
1046 2572 1240 2639 Leskienius
1262 2575 1335 2650 (Die
1350 2575 1414 2640 De·

289 2668 444 2735 clination
464 2668 508 2732 im
531 2669 741 2736 Slavischlit.
764 2669 831 2735 und
846 2670 1098 2736 Germanischen
1125 2673 1217 2745 1876)
1240 2669 1291 2736 his
1313 2671 1413 2737 tribus

288 2767 383 2832 modo
406 2765 571 2833 ordinibus
595 2769 679 2832 hunc
700 2787 809 2833 casum
827 2769 935 2836 deberi
952 2768 1042 2850 dixit,
1066 2767 1230 2833 nonnullis
1250 2775 1357 2834 autem
1379 2769 1414 2834 in

287 2865 360 2930 aliis
382 2864 500 2945 linguis
524 2884 564 2930 ex
587 2866 739 2948 analogia
761 2865 803 2930 ad
826 2873 947 2931 ceteras
964 2865 1196 2931 declinationes
1218 2883 1289 2930 esse
1312 2874 1415 2932 trans·

288 2962 398 3026 latum.
428 2962 467 3025 In
483 2958 560 3025 osca‘
573 2961 702 3041 quidem
724 2962 835 3043 lingua
849 2962 930 3026 illud
946 2962 1106 3042 dsemper
1121 2960 1292 3040 inuenitur,
1316 2963 1413 3028 ctiam

289 3059 328 3123 iis
351 3057 447 3135 locis,
472 3057 524 3119 ubi
547 3055 708 3122 ablativus
730 3077 822 3122 casus
844 3057 1096 3122 instrumentalis
1118 3074 1249 3121 munere
1271 3055 1415 3139 iungitur

265 3221 268 3227 f
288 3151 398 3231 (dolabi
411 3149 519 3213 molid
528 3185 569 3196 -
581 3151 653 3213 dolo
666 3153 757 3225 molo,
774 3152 860 3216 cirolr
875 3154 1014 3218 citiooad
1022 3189 1064 3200 -—
1076 3175 1113 3218 eu
1123 3155 1254 3236 peculatu
1266 3155 1354 3219 XVI.
1366 3159 1412 3239 3);

288 3251 321 3315 in
343 3251 445 3314 latina
466 3254 577 3314 contra
598 3249 661 3314 iam
683 3252 725 3316 ab
747 3251 986 3336 antiquissimis,
1009 3272 1092 3336 quae
1113 3253 1206 3319 nobis
1229 3258 1306 3318 nota
1328 3259 1411 3336 sunt,

288 3346 500 3430 temporibus,
535 3346 617 3413 illud
646 3347 668 3409 d
696 3371 762 3414 non
798 3357 982 3417 constanter
1011 3350 1167 3432 scribitur,
1206 3358 1240 3415 ut
1273 3351 1411 3417 discerni

289 3451 437 3528 nequeat,
461 3446 714 3512 instrumentalis
736 3467 828 3513 casus
851 3455 955 3514 utrum
972 3468 1099 3532 semper
1120 3449 1259 3514 litteram
1281 3448 1304 3511 d
1324 3469 1412 3516 acce·

289 3545 371 3627 perit
393 3562 504 3610 necne.
1119 3608 1123 3618 .

376 3641 455 3704 Miro
478 3642 617 3722 quodam
639 3643 734 3708 modo
758 3643 917 3725 Bergkius
940 3644 1101 3726 (Beitr'age
1123 3663 1148 3707 z.
1172 3643 1281 3710 latein.
1302 3645 1414 3710 Gram-

290 3738 402 3816 matik,
426 3739 522 3803 Halle
548 3740 674 3805 18701.
698 3761 772 3823 pag.
796 3745 848 3817 21)
871 3740 932 3805 hac
954 3739 1052 3820 dere
1075 3739 1238 3822 disseruit,
1262 3742 1411 3824 quoniam

290 3832 413 3898 aliunde
435 3843 468 3901 et
489 3837 676 3903 Berzoeutod
696 3838 809 3903 eadem
833 3837 894 3902 loci
915 3838 1040 3905 ratione
1061 3845 1233 3920 uterentur,
1264 3837 1411 3904 suffixum

289 3931 425 3996 ablativi
453 3932 491 3994 dc
519 3934 632 4017 luisse,
663 3936 714 4000 cui
742 3954 891 4018 graecum
913 3940 958 4000 θε
981 3935 1207 4020 responderet3
1230 3956 1293 4019 qua
1322 3937 1355 4001 in
1377 3956 1412 4002 re

290 4029 406 4094 morari
423 4037 510 4096 certe
531 4052 611 4114 opus
626 4053 690 4097 non
706 4038 765 4115 est,
789 4033 938 4116 quoniam
956 4031 1094 4099 dubitari
1109 4037 1176 4099 nou
1198 4039 1313 4116 potest,
1335 4034 1411 4115 quin
