3226 4948
509 480 550 535 De
567 480 705 535 Alcmanis
722 483 820 550 poetae
838 481 960 538 dialecto.
1232 478 1294 541 359
1358 545 1362 554 ,

28 677 30 718 :
162 655 268 723 tradit
297 653 404 737 Apoll.
436 651 477 718 de
506 673 596 736 pron.
620 654 729 720 3660
759 649 778 740 ἡ
810 659 855 720 σέ
884 649 1010 738 ὁμοίως
1041 657 1129 740 πρὸς
1158 654 1294 722 πάντων

28 777 34 820 ἰ
166 750 283 838 κοινὴ·
307 754 454 833 Δωριεῖς
477 747 534 814 διὰ
554 756 615 816 τοῦ
636 771 671 814 τ·
695 749 783 835 πρὸς
806 751 843 818 δὲ
866 754 910 820 τὲ
933 755 1139 838 τῶνφίλων·
1162 755 1220 820 καὶ
1243 752 1294 820 έτι

28 877 35 918 r
164 847 254 934 μετὰ
276 853 364 913 τοῦτ
387 847 469 926 (eod.
490 853 536 923 τ)·
559 850 626 914 usi·
646 846 708 933 γὰρ
729 845 949 933 Ἀλέξανδρος
972 849 1138 934 δάμασαι·
1163 852 1218 918 καὶ
1243 849 1294 917 ἐ’τι

166 952 308 1024 κοινῶς·
332 946 376 1012 σὲ
392 943 455 1028 γὰρ
470 941 604 1028 ἅζομαι.
633 947 701 1012 Has
717 967 828 1013 omnes
843 967 885 1014 ex
899 948 1067 1030 Alemone,
1090 950 1140 1016 oui
1156 949 1293 1033 primum

164 1047 341 1112 allatorum
351 1043 602 1127 fragmentorum
614 1045 767 1129 attribuit,
780 1045 987 1130 Apollonium
1003 1047 1148 1114 hausisse
1162 1052 1194 1114 et
1205 1046 1293 1113 illius

165 1140 431 1210 consuetudinem
447 1142 602 1208 miseendi
617 1142 660 1208 ad
682 1162 793 1210 omnes
808 1145 981 1210 Dorienses
995 1144 1198 1212 transtulisse
1212 1142 1294 1209 veri·

165 1229 366 1307 simillimum
389 1245 447 1306 est.
483 1238 520 1304 fr.
545 1243 594 1304 52.
620 1245 670 1306 53.
694 1246 744 1305 54.
767 1276 810 1286 -
838 1241 980 1324 Vulgare
1003 1263 1023 1306 ο
1045 1241 1238 1325 conspicitur
1258 1240 1293 1305 in

167 1338 295 1404 duobus
323 1337 422 1420 epicis
451 1337 630 1404 vocabulis:
667 1335 877 1425 βροτήσια
898 1337 936 1403 lr.
959 1341 1016 1421 42,
1051 1335 1292 1422 ἀμβροσίαν

166 1457 244 1520 pap.
261 1440 290 1501 2.
307 1437 358 1501 28.
403 1434 521 1500 Forma
542 1433 764 1522 μαθήσιος
785 1435 823 1500 ir.
839 1438 879 1500 63
903 1435 1092 1502 adversetur
1114 1433 1293 1500 Laeonioae

166 1532 307 1600 dialecto
330 1551 441 1614 neone,
466 1531 642 1615 dijudicare
664 1552 730 1598 non
752 1533 865 1603 ausim.
1033 1541 1037 1549 “

381 1772 400 1851 ξ
427 1774 475 1836 13.
521 1771 577 1836 De
599 1769 770 1852 liquidis
794 1777 832 1836 et
854 1769 1079 1836 nasalibus.

251 1917 441 1984 Alemanem
456 1919 601 1984 nasalem
618 1943 634 1981 ν
651 1938 709 2000 pro
731 1917 856 2000 liquida
869 1918 887 1982 λ
904 1919 1049 2003 posuisse
1064 1917 1164 1984 tradit
1178 1918 1292 1984 Eusta-

164 2014 251 2080 thius
274 2015 316 2080 ad
340 2015 377 2080 ll.
401 2019 472 2080 756.
496 2019 535 2080 36
559 2013 737 2082 ἀντιθέσει
759 2023 818 2080 τοῦ
835 2041 852 2080 ν
868 2014 918 2094 εἰς
939 2017 967 2096 λ,
991 2008 1017 2102 ᾦ
1041 2012 1293 2096 ἅντιστοιχοῢσι

165 2121 312 2195 Δωριεῖς
335 2110 371 2179 ἐν
393 2117 441 2197 τῴ
464 2114 626 2197 φίλτατος
649 2118 821 2198 φέντατος,
844 2111 939 2179 ἕλετο
962 2111 1037 2179 ἕντο
1054 2116 1110 2180 καὶ
1126 2118 1292 2199 Δωρικῶς

165 2213 271 2292 γέντο,
296 2210 410 2275 κέλετο
434 2215 559 2274 κέντο
582 2207 677 2293 παρὰ
696 2206 867 2293 Ἀλκμᾶνι.

252 2305 443 2372 Geminatae
465 2305 607 2386 liquidae
629 2312 661 2371 et
683 2310 828 2389 nauales,
852 2327 934 2391 quae
956 2328 976 2372 a
998 2309 1158 2373 eommuni
1181 2309 1292 2393 lingua

166 2401 295 2468 alienae
316 2410 400 2482 sunt,
427 2402 514 2485 apud
537 2402 723 2467 Alemanem
746 2405 937 2486 compluries
958 2404 1123 2484 leguntur:
1161 2405 1291 2472 καλλὰ

166 2499 356 2565 adverbium
379 2517 397 2564 e
420 2498 520 2582 natja
542 2505 652 2564 natum
674 2500 820 2565 nonnulli
838 2500 963 2566 oodioes
985 2498 1035 2577 (0.
1051 2502 1099 2578 Ρ.)
1122 2510 1292 2568 servarunt

167 2598 218 2663 Et.
241 2598 281 2661 M.
307 2599 379 2662 486.
403 2599 443 2661 39
471 2594 509 2659 τὸ
533 2593 617 2660 καλά
640 2594 734 2679 παρὰ
754 2592 917 2678 Ἀλκμᾶνι
945 2594 1048 2661 καλά
1078 2602 1150 2676 (ser.
1174 2596 1292 2677 καλλά)

167 2691 258 2760 ἐστιν
281 2694 318 2759 fr:
341 2696 392 2759 98.
431 2693 582 2759 Dorioam
604 2713 675 2758 esse
700 2695 950 2776 geminationem
972 2713 1037 2760 non
1059 2693 1225 2760 Aeolicam
1247 2701 1293 2761 te·
1386 2695 1388 2709 '

166 2797 267 2857 statur
289 2791 481 2874 Apollonius
504 2790 545 2856 de
566 2789 640 2855 adv.
664 2795 735 2856 565.
761 2793 809 2856 13.
847 2792 970 2868 (καλῶς
991 2826 1014 2852 υ
1031 2835 1053 2844 -
1075 2795 1165 2857 extat
1186 2791 1223 2857 ir.
1240 2794 1291 2872 24,

166 2889 242 2955 item
271 2887 373 2954 καλὸν
403 2888 439 2954 lr.
463 2891 503 2953 65
537 2888 667 2954 brevem
695 2890 841 2955 vocalem
870 2889 991 2954 habere
1019 2887 1154 2968 videtur,
1189 2886 1291 2954 καλὸν

166 2985 200 3052 ir.
225 2990 276 3052 96.
309 3021 352 3032 -
386 2987 458 3053 Non
488 2986 593 3052 minus
623 2986 739 3051 Dorioa
767 2993 817 3052 est
844 2985 1019 3069 geminatio
1050 2984 1193 3068 liquidae
1216 3009 1238 3070 ρΙ
1257 2985 1292 3051 in

166 3104 243 3151 voce
276 3083 436 3170 κάῤῥων
470 3084 508 3149 ir.
531 3086 572 3149 89
600 3111 644 3136 =
672 3087 838 3166 κρείσσων
872 3102 891 3149 e
919 3077 1091 3167 *adpsjwv
1129 3079 1290 3167 *κάρσων

166 3191 244 3248 orta.
281 3182 384 3264 Magis
406 3181 537 3246 dubium
561 3185 609 3246 est
630 3181 821 3247 vocabulum
843 3178 979 3267 κάῤῥαν,
1003 3179 1036 3244 in
1057 3199 1150 3246 versu
1170 3181 1220 3257 (lr.
1237 3185 1290 3255 44)

70 3299 76 3308 ·
166 3279 207 3344 ad
236 3278 474 3360 expediendum
502 3275 706 3356 difficillimo,
744 3277 829 3359 qnod
856 3297 914 3361 pro
944 3275 1049 3362 κόρον]
1082 3275 1185 3364 κόρῥη
1220 3296 1309 3368 εεεο1

167 3377 292 3442 Abrens
320 3381 420 3457 putat.
465 3373 669 3440 Geminatam
690 3375 836 3439 nasalem
859 3394 944 3441 nuno
966 3374 1000 3438 in
1025 3393 1150 3457 papyro
1173 3374 1292 3456 reperi-

167 3494 250 3538 mus:
289 3470 407 3538 κλεννὰ
429 3476 458 3538 2.
492 3475 544 3554 16,
575 3489 658 3553 quae
687 3469 789 3536 forma
816 3469 860 3536 ad
887 3466 1075 3536 *κλενεσνά
1105 3467 1290 3536 *κλονεννά

168 3566 303 3637 κλεεννά
322 3574 448 3645 ¹(rooem
465 3568 679 3646 Pindarioam)
694 3575 742 3634 est
757 3567 951 3635 reducenda.
983 3565 1091 3631 Habet
1107 3585 1146 3631 ea
1160 3567 1291 3632 Lesbia-

167 3687 235 3736 oam
258 3666 420 3750 quandam
442 3667 597 3749 speeiem,
623 3665 657 3730 in
680 3685 743 3748 qua
765 3665 902 3732 dialeoto
926 3663 1169 3731 consonantium
1191 3662 1291 3746 gemi-

167 3761 252 3832 natio
280 3764 377 3830 latius
407 3764 538 3846 patebat
566 3769 598 3830 et
625 3763 746 3829 similes
774 3763 895 3830 lormae
917 3761 1153 3844 adjeotivorum
1174 3779 1291 3844 suppe-

168 3863 270 3929 ditant
291 3861 343 3941 (of.
358 3861 435 3927 Ahr.
452 3860 483 3925 d.
500 3859 531 3925 d.
547 3860 637 3926 Aeol.
655 3864 719 3940 51),
742 3879 814 3926 oum
828 3860 869 3926 iu¹
884 3877 984 3943 purae
997 3857 1128 3924 Doridis
1149 3856 1290 3924 lontibus

168 3961 315 4043 exempla
344 3977 451 4025 eornm
479 3958 609 4024 omnino
637 3977 703 4021 non
731 3963 851 4024 extent
896 3956 1137 4022 Choerobosous
1159 3955 1290 4038 quidem

168 4058 200 4123 in
220 4056 333 4124 aneod.
356 4054 652 4121 Onon.11210.19
676 4051 861 4136 ἕρατεννός,
884 4049 1057 4130 ποθεννός
1080 4052 1290 4120 Doriensibus
