3208 4928
335 501 340 511 ·
455 473 631 564 Quaestiones
649 471 865 540 dieleetclogieae
883 455 1003 540 graecae.
1238 469 1303 532 297·

176 648 264 714 nesci
298 645 410 730 potuit.
462 645 581 712 Contra
616 665 727 712 omnes
759 644 915 710 tolluntur
948 641 1169 724 difficultates,
1210 643 1301 710 dum-

176 743 272 810 modo
294 750 470 810 statuamus
491 744 637 810 vocalem
661 767 686 820 ε,
716 761 799 827 quae
821 747 971 824 sequatur
993 741 1132 808 litteram
1147 740 1178 826 j,
1210 762 1301 826 pro-

178 841 340 908 ductam
361 840 459 906 fuisse
480 847 557 906 ante
579 840 836 906 contractionem.
1090 910 1092 914 ,

262 941 314 1006 Ex
335 934 569 1024 arpo-jrjcjeac,
594 935 828 1024 pcleg'rp'cp'sac,
851 933 1109 1022 prodo-jp'cjeat
1131 935 1216 1002 enim
1232 936 1302 1002 dor.

177 1032 314 1119 τιμάσεε
328 1035 383 1114 (de
397 1059 458 1121 αη-
474 1043 495 1098 ἃ
509 1033 548 1100 cf·
566 1034 691 1101 Curtius
706 1036 794 1102 verb.
806 1035 837 1100 ΙΙ
854 1037 917 1116 67),
934 1034 1008 1113 (ion.
1023 1031 1182 1120 τιμήσει),
1198 1032 1306 1121 peip-

179 1156 242 1214 σει,
257 1131 432 1216 μισθώσει
447 1139 602 1214 ortasunt
614 1133 788 1200 secundum
800 1132 912 1199 solitas
924 1131 1150 1208 contractionis
1161 1134 1301 1214 regulas.

263 1233 338 1298 Iam
354 1250 430 1297 vero
453 1231 572 1314 optime
594 1231 655 1296 hoe
676 1231 719 1296 ad
741 1229 823 1296 illud
845 1227 991 1312 quadrat,
1015 1227 1102 1312 quod
1119 1228 1158 1294 G.
1175 1228 1302 1295 Curtius

178 1330 277 1404 (verb.
302 1329 414 1403 1352)
443 1327 484 1395 de
513 1328 635 1412 origine
663 1333 695 1394 et
724 1327 954 1412 compositione
975 1327 1143 1393 verborum
1172 1325 1300 1392 illorum

177 1428 351 1495 rectissime
373 1425 529 1509 exposuit.
570 1425 630 1491 Hic
651 1428 749 1508 enim,
773 1445 844 1490 cum
867 1425 990 1490 aeolica
1004 1423 1116 1488 horum
1132 1424 1300 1490 verborum

177 1524 315 1604 flexione
344 1544 395 1590 co·
411 1523 586 1603 duceretur,
616 1531 651 1589 ut
680 1525 799 1608 primas
828 1521 1021 1597 Graecorum
1051 1520 1145 1586 huius
1173 1522 1302 1604 generis

177 1623 296 1688 formas
318 1621 351 1687 in
374 1621 492 1706 opimi,
517 1620 631 1704 -ejcmi,
655 1621 768 1705 -ojcmi
787 1619 904 1685 exiisse
926 1619 1094 1698 coniceret,
1118 1619 1187 1684 veri
1202 1620 1301 1684 simil-

177 1720 289 1784 limum
313 1719 406 1785 simul
428 1719 503 1784 lecit
515 1718 598 1802 J‘emr‘
619 1719 714 1800 illud,
734 1717 819 1801 quod
841 1716 933 1800 stirpi
955 1715 1085 1781 affixum
1108 1715 1158 1794 sit,
1181 1716 1302 1784 indica·

178 1817 277 1882 tivum
302 1835 373 1882 esse
395 1835 499 1899 praes.
522 1815 639 1883 radicis
658 1817 701 1900 jd
723 1824 795 1882 scrt.
817 1815 926 1900 jai-mi.
972 1813 1104 1879 Accedit
1126 1813 1211 1894 quod
1232 1834 1301 1880 rer-

177 1915 254 1980 bum
277 1915 358 1993 illud
373 1913 471 1998 jai-na
490 1913 523 1978 in
546 1914 618 1996 ipsa
639 1932 755 1996 graeca
777 1913 889 1996 lingua
903 1911 1044 1976 valuisse
1059 1910 1202 1994 videtur3
1224 1912 1308 1994 legit

179 2013 263 2078 enim
286 2011 413 2078 Curtius
441 2012 475 2076 in
503 2011 656 2096 Hesychii
685 2011 802 2093 glossis
830 2029 901 2074 cum
929 2007 1094 2073 Lobeckio
1122 2006 1214 2095 ἰἠ-μι
1243 2031 1302 2092 pro

179 2107 287 2196 ε’ἰημι·
310 2107 517 2194 nepotatur,
546 2108 631 2190 quod
654 2110 790 2192 optime,
812 2108 846 2174 ni
868 2107 972 2188 fallor,
995 2105 1061 2171 alia
1083 2107 1192 2188 glossa
1214 2103 1301 2174 εἷεν·
1325 2109 1328 2115 '

179 2205 362 2290 ἐπορεύετο
392 2206 632 2289 comprobatur3
662 2206 755 2294 ἰἠ-μι
772 2230 778 2271 :
796 2200 898 2272 ε-ἶε-ν
919 2235 962 2257 =
976 2205 1078 2288 sinna
1092 2229 1099 2271 :
1116 2206 1193 2290 opor.
1238 2207 1301 2272 Ne·

136 2313 138 2316 ’
179 2322 240 2385 que
263 2303 304 2366 de
326 2303 432 2369 vocali
454 2327 474 2386 η
499 2301 560 2367 hac
587 2303 621 2366 in
642 2304 751 2370 radice
772 2303 860 2387 apud
883 2303 1056 2369 Dorienses
1085 2322 1211 2386 quoque
1240 2305 1301 2370 usi·

178 2406 246 2464 tata
268 2397 407 2463 dubitari
434 2403 550 2481 potest.
593 2399 663 2464 Hoc
686 2401 785 2482 enim,
817 2421 887 2466 cum
915 2401 1020 2483 ipsum
1046 2399 1179 2481 verbum
1208 2399 1302 2485 ἰἠ-μι

178 2517 243 2561 non
267 2501 379 2577 exstet,
403 2514 444 2560 ex
465 2493 558 2579 ἵη-μι
580 2496 670 2562 verbi
692 2497 802 2562 formis
822 2495 1032 2578 cognoscitur,
1056 2495 1141 2576 quod
1164 2495 1302 2581 redupli-

179 2593 304 2658 catione
326 2611 368 2658 ex
389 2591 483 2677 ἰἠ-μι
504 2592 559 2657 illo
575 2599 683 2660 natum
701 2613 772 2661 esse
787 2599 836 2660 est
850 2604 959 2661 uotum
981 2595 1032 2672 (cf.
1049 2593 1174 2660 Curtius
1188 2600 1303 2679 etym.4

179 2693 264 2767 403).
308 2689 440 2772 Legitur
462 2695 567 2756 autem
591 2691 625 2756 in
655 2713 730 2777 pap.
753 2693 855 2758 Alcm.
878 2693 894 2760 I
920 2695 957 2756 12
987 2689 1186 2778 παρήσομες
1216 2687 1301 2777 (ἥσω

179 2818 222 2840 =
233 2793 305 2854 scrt.
314 2785 450 2870 jdsjdmz'
462 2787 555 2871 Bopp
570 2790 670 2872 vergl.
687 2791 829 2856 Gramm.
845 2791 995 2872 112335),
1013 2787 1202 2876 conducere
1217 2789 1301 2854 Plut.

177 2886 524 2968 AhpMnt
1284 2901 1414 2932 ‘·'

263 2983 369 3064 Atque
392 3001 451 3066 ego
475 2981 516 3048 de
534 2983 624 3049 verbi
646 2983 737 3050 illius‘
755 2982 847 3070 'ip-pc
864 3009 871 3050 :
887 2984 998 3068 ἰἐ-μες
1021 2985 1178 3050 vocalium
1202 2985 1303 3066 quali-

178 3086 244 3146 tate
267 3079 381 3146 oodem
408 3100 537 3163 prorsus
559 3081 655 3147 modo
677 3081 783 3148 iudico
805 3088 903 3166 atque
926 3082 967 3149 de
989 3087 1148 3169 εί-θη-μι
1165 3105 1172 3147 :
1187 3086 1306 3148 atea-

179 3201 256 3257 μες,
287 3197 357 3243 cum
387 3183 419 3242 et
446 3177 508 3248 hoc
534 3177 652 3260 ubique
679 3180 713 3243 in
742 3179 888 3246 dialectis
909 3181 1132 3246 aeolo-doricis
1154 3205 1174 3265 η
1198 3184 1300 3263 prod

180 3275 348 3353 exhibeat3
369 3271 463 3359 ἰἠ-μι
479 3298 486 3339 :
494 3275 602 3358 je-mi,
626 3275 794 3341 dddlrc'rmi:
810 3281 933 3363 τίθημι
949 3285 1008 3344 etc.
1040 3280 1185 3361 Apparet
1206 3278 1302 3360 igitur

179 3371 230 3435 lnis
252 3370 286 3435 in
308 3371 414 3436 verbis
430 3395 449 3456 η
466 3392 507 3437 ex
528 3376 546 3434 d
570 3380 680 3438 natum
697 3391 768 3438 csse
782 3393 842 3439 nec
862 3375 1045 3442 laudandos
1067 3395 1138 3442 esse
1160 3393 1225 3455 eos,
1248 3376 1302 3456 qui

163 3459 324 3532 'vocalem
341 3493 361 3552 η
378 3468 668 3551 ,amplificatione“
688 3489 728 3536 ex
744 3493 760 3535 ε
775 3478 884 3538 natam
900 3491 970 3538 esse
986 3474 1099 3538 volunt
1120 3471 1159 3538 cl.
1176 3471 1304 3538 Alrrens

181 3564 214 3629 II
233 3568 303 3628 146.
334 3565 463 3632 Meister
479 3567 564 3632 stud.
578 3567 624 3631 IV
641 3570 712 3632 378.
743 3568 822 3634 Utut
837 3571 921 3635 enim
939 3569 979 3636 de
994 3588 1082 3635 more
1097 3569 1154 3633 illo
1170 3567 1303 3650 singulis

181 3681 306 3744 quoque
335 3663 453 3745 linguis
482 3665 628 3748 proprias
650 3665 863 3732 substituendi
885 3668 1010 3733 radices
1031 3667 1224 3732 iudicabitur
1252 3667 1304 3745 (el.

155 3840 162 3855 ,
182 3757 308 3825 Curtius
330 3765 444 3844 etym.⁴
467 3765 518 3828 48.
550 3763 580 3829 J.
603 3762 757 3830 Schmidt.
779 3784 847 3831 roo.
870 3764 886 3829 I
908 3768 957 3844 9);
986 3765 1047 3831 hoc
1068 3765 1146 3830 mihi
1168 3771 1303 3846 constat,

181 3857 208 3921 si
231 3858 302 3941 quis
325 3856 441 3924 dixerit
463 3878 490 3925 c.
512 3879 543 3942 g.
566 3857 649 3946 ἥσω,
672 3858 773 3946 θήσω
796 3868 967 3946 propterea
988 3887 1008 3950 η
1032 3862 1193 3944 exhibere,
1217 3863 1302 3946 quod

180 3955 376 4022 eradicibus
398 3955 413 4022 ἑ
438 3963 470 4022 ot
491 3961 537 4022 de
561 3956 768 4040 descendant,
790 3978 857 4025 rem
879 3961 984 4043 ipsam
1006 3961 1067 4026 hoc
1081 3959 1176 4026 modo
1199 3981 1304 4044 neque

181 4051 349 4133 explanari
371 4073 476 4138 neque
497 4055 667 4121 enucleari.
