3226 4948
530 468 592 524 'De
609 469 748 524 Alcmanis
765 473 863 540 poetae
881 470 1003 526 dialecto.
1278 473 1338 536 373
1422 526 1423 530 ,

213 648 356 707 mutasse
378 640 413 706 in
427 642 607 725 antiquiore
622 642 785 709 Laconum
801 642 939 710 dialecto
956 647 975 724 ξ
992 647 1021 726 9,
1045 643 1165 711 deinde
1179 645 1211 709 in
1234 646 1339 714 tuturo

213 738 380 821 sigmatico
396 746 472 806 ante
488 763 514 804 ω
530 747 595 805 eto
612 741 777 823 antiquam
793 739 968 825 spirantem
983 741 1008 824 j
1027 763 1092 807 non
1115 743 1220 809 minus
1243 763 1339 826 quam

213 836 246 901 in
263 837 527 904 Heracleensium
551 838 688 904 dialecto
712 840 884 906 evanuisse
906 840 990 922 917.
1023 840 1105 904 Tum
1121 839 1340 922 abjudicanda

189 942 288 1000 suut
317 934 358 1000 ab
388 935 577 1017 aequalibus
599 936 780 1017 Alcmanis,
810 957 892 1019 quac
920 937 954 1001 in
982 937 1158 1002 recentiore
1179 937 1360 1004 Laconica*

215 1033 353 1098 dialecto
369 1033 510 1099 valuisse
524 1040 664 1098 constat:
688 1056 709 1098 o
724 1034 808 1099 inter
823 1033 1001 1101 vocalcsin
1016 1034 1162 1116 spiritum
1177 1053 1338 1118 asperum,

213 1129 247 1194 in
270 1130 358 1196 exitu
379 1130 608 1195 vocabulorum
630 1131 665 1196 in
688 1157 706 1214 ρ
729 1138 901 1214 mutatum,
933 1131 951 1211 ζ
971 1130 1005 1195 in
1029 1129 1048 1194 d
1071 1136 1104 1196 et
1128 1130 1168 1196 dd
1192 1133 1340 1199 obscura·

214 1234 291 1310 tum,
314 1227 474 1294 sibilantis
496 1228 692 1311 aphaeresis,
719 1229 795 1311 quia
816 1230 849 1294 in
872 1228 989 1296 nostris
1009 1229 1198 1312 fragmentis
1220 1249 1262 1295 ne
1285 1249 1340 1296 ve-

213 1325 342 1408 stiginm
376 1325 505 1408 quidem
534 1325 646 1390 harum
675 1327 885 1392 mutationum
916 1331 1068 1412 apparet,
1102 1346 1173 1391 cum
1202 1327 1340 1392 Alcman

213 1422 336 1488 nullam
358 1423 538 1488 Laconicae
559 1422 688 1489 dialecti
711 1444 789 1490 suae
817 1424 932 1491 aetatis
959 1423 1187 1507 proprietatem
1210 1443 1340 1506 prorsus

213 1519 402 1605 repudiasse
430 1520 587 1586 videatur.
632 1523 682 1587 De
705 1543 725 1586 σ
747 1543 804 1605 pro
826 1526 855 1586 θ
876 1520 981 1604 posito
1009 1540 1074 1585 non
1097 1520 1201 1588 audeo
1225 1520 1341 1604 dijudi-

214 1637 297 1698 care,
321 1640 396 1683 num
420 1635 502 1701 quae
525 1619 674 1702 exempla
697 1619 784 1703 apud
806 1619 994 1705 Alcmanem
1019 1625 1130 1685 extant
1151 1623 1249 1702 poeta
1269 1619 1341 1701 ipse

215 1734 255 1781 ex
282 1717 463 1799 antiquiore
491 1717 654 1781 Laconum
684 1716 822 1782 dialecto
850 1717 1008 1798 hauserit,
1041 1737 1083 1782 an
1113 1716 1340 1800 grammaticus

214 1812 345 1895 quidam
368 1833 409 1879 ex
430 1815 606 1880 recentiore
627 1821 741 1897 postea
761 1813 932 1880 addiderit.

299 1911 412 1994 Neque
442 1919 550 1977 tamen
580 1931 690 1977 omncs
723 1931 819 1977 voces
848 1912 1025 1978 Laconicas
1057 1911 1147 1993 leges
1180 1920 1340 1994 secuntur,

213 2008 293 2074 satis
314 2010 435 2075 multae
457 2017 560 2090 sunt„
577 2027 661 2092 quae
682 2010 724 2074 ab
752 2010 813 2075 bac
842 2009 980 2075 dialecto
1005 2009 1175 2094 recedant,
1206 2029 1355 2094 quarum.
1450 2021 1459 2037 ·

214 2105 375 2189 duplicem
404 2127 475 2173 esse
504 2107 660 2190 originem
689 2105 784 2172 facilc
814 2107 1020 2190 intellegitur.
1064 2107 1148 2173 Nam
1179 2127 1250 2173 cnm
1273 2106 1341 2173 dia·

213 2201 298 2268 lecto
326 2224 456 2286 prorsus
484 2225 565 2287 pura
594 2211 626 2270 et
652 2206 811 2270 constanti
839 2212 957 2288 poetae
985 2204 1079 2289 lyrici
1107 2205 1157 2270 usi
1178 2225 1243 2271 nou
1265 2205 1340 2285 sint,

214 2305 339 2382 partem
361 2299 402 2364 ab
425 2301 495 2382 ipso
518 2308 614 2383 poeta
629 2319 700 2367 csse
722 2302 898 2388 proiectam
913 2308 1058 2386 apparet,
1081 2299 1220 2367 sednon
1235 2303 1340 2368 minus

214 2403 334 2460 certum
358 2404 416 2476 est,
439 2405 562 2479 partem
585 2397 724 2464 librariis
743 2397 863 2478 deberi,
888 2399 941 2480 qui
956 2397 1171 2462 reconditiora
1186 2399 1339 2464 facillimo

215 2512 321 2558 errore
349 2493 391 2557 ad
422 2493 600 2576 vulgarium
628 2494 799 2559 formarum
828 2488 972 2576 regulam
986 2494 1183 2576 dirigerent.
1228 2495 1356 2561 Socer·'

215 2590 324 2657 nenda
345 2592 441 2674 igitur
462 2597 537 2658 sunt
564 2611 619 2672 ea,
648 2610 731 2674 quae
759 2599 873 2673 postea
899 2592 933 2656 in
962 2590 1105 2656 carmina
1132 2591 1339 2674 irrepserunt,

214 2689 256 2754 ab
278 2689 327 2768 iis,
351 2708 473 2771 quaca
495 2688 652 2772 principio
674 2677 708 2753 in
730 2688 796 2753 illis
818 2689 987 2768 extabant,
1011 2695 1055 2767 ut,
1079 2707 1140 2769 quo
1163 2688 1286 2753 ambitu
1308 2694 1340 2754 et

214 2807 277 2869 quo
287 2787 422 2852 consilio
432 2787 568 2852 Alcman
583 2785 664 2851 baec
678 2785 871 2862 adhibuerit,
888 2803 1040 2866 quaerere
1056 2785 1224 2867 possimus.
1248 2784 1340 2862 Quae

214 2884 343 2969 quidem
365 2904 417 2950 res
438 2884 518 2950 satis
540 2883 663 2948 lubrica
685 2887 744 2963 est,
766 2902 841 2948 nam
861 2900 1053 2964 quamquam
1077 2901 1188 2947 omnes
1210 2882 1339 2964 formas,

215 2982 394 3067 dequibus
423 3001 509 3048 nunc
530 2979 646 3065 agitur,
675 2979 710 3046 in
739 2978 820 3046 duas
848 2985 956 3060 partes
986 2976 1130 3044 dividere
1159 2998 1338 3062 possumus,

215 3101 285 3147 cum
315 3081 401 3147 aliae
425 3079 568 3162 vulgaris
595 3078 726 3160 linguae
755 3096 827 3143 esse
855 3076 1034 3157 videantur,
1062 3076 1148 3144 aliae
1176 3098 1242 3142 non
1264 3076 1339 3158 sint,

214 3186 323 3244 tamen
352 3185 482 3243 nostrae
504 3175 683 3259 quaestioni
712 3174 792 3240 haec
814 3173 994 3240 distributio
1020 3193 1085 3240 non
1114 3193 1243 3258 prorsus
1266 3194 1339 3240 con·

214 3276 313 3341 venit.
343 3275 428 3340 Nam
450 3273 510 3339 bas
526 3272 655 3355 quidem
677 3293 698 3338 a
719 3277 816 3354 poeta
838 3270 996 3355 proiectas
1018 3290 1089 3338 esse
1110 3278 1196 3337 recte
1216 3270 1339 3353 judica·

214 3372 315 3453 veris,
357 3369 415 3438 sed
447 3370 522 3436 illas
555 3389 635 3435 cave
667 3387 708 3434 ne
737 3375 859 3434 temere
891 3387 1002 3433 omnes
1034 3367 1174 3434 librariis
1206 3367 1338 3435 tribuas.

214 3469 328 3553 Itaque
356 3473 502 3552 praestat
529 3467 590 3532 boc
618 3466 713 3532 modo
735 3465 901 3532 materiam
926 3466 1112 3548 disponere,
1143 3470 1179 3528 ut
1200 3464 1338 3546 primum

214 3585 454 3646 recenseamus,
483 3584 616 3646 quarum
645 3564 726 3629 ratio
754 3562 878 3628 facilior
905 3563 961 3644 sit,
991 3562 1108 3627 formas
1137 3564 1339 3627 acommuni

214 3666 326 3748 lingna
357 3663 498 3744 alienas,
530 3681 611 3745 quas
643 3681 662 3728 e
695 3660 819 3726 duobus
850 3660 990 3726 tontibus
1021 3664 1150 3742 poetam
1183 3658 1338 3740 petivisse

215 3769 312 3846 supra
326 3761 516 3841 monuimus,
538 3779 580 3827 cx
595 3758 727 3825 Aeolica
742 3757 880 3824 dialecto
902 3765 934 3823 ot
948 3776 990 3823 ex
1005 3755 1104 3838 epicis
1126 3753 1338 3840 carminibus3

214 3860 249 3926 in
270 3859 334 3926 fine
355 3863 462 3925 autem
485 3856 682 3940 quaestionis
703 3862 833 3920 nostrae
850 3852 1014 3920 deformis
1035 3851 1233 3934 vulgaribus,
1256 3872 1338 3939 quae
1371 3909 1375 3915 .

215 3957 343 4040 quidem
365 3957 400 4021 in
421 3956 513 4056 libris
535 3959 678 4034 exstant,
697 3950 854 4036 judicium
876 3952 981 4055 iacere
1003 3947 1199 4016 conabimur.
1228 4017 1237 4031 ,
