<?xml version="1.0" encoding="UTF-8"?>
<!DOCTYPE html PUBLIC "-//W3C//DTD XHTML 1.0 Transitional//EN"
    "http://www.w3.org/TR/xhtml1/DTD/xhtml1-transitional.dtd">
<html xmlns="http://www.w3.org/1999/xhtml" xml:lang="en" lang="en">
 <head>
  <title>
</title>
<meta http-equiv="Content-Type" content="text/html;charset=utf-8" />
  <meta name='ocr-system' content='tesseract 3.04.00' />
  <meta name='ocr-capabilities' content='ocr_page ocr_carea ocr_par ocr_line ocrx_word'/>
</head>
<body>
  <div class='ocr_page' id='page_1' title='image "./studienzurgriec05curtgoog_0361.png"; bbox 0 0 3226 4948; ppageno 0'>
   <div class='ocr_carea' id='block_1_1' title="bbox 319 467 925 540">
    <p class='ocr_par' dir='ltr' id='par_1_1' title="bbox 319 467 925 540">
     <span class='ocr_line' id='line_1_1' title="bbox 319 467 925 540; baseline -0.003 -12"><span class='ocrx_word' id='word_1_1' title='bbox 319 467 381 529; x_wconf 82' lang='lat'><strong>348</strong></span> <span class='ocrx_word' id='word_1_2' title='bbox 640 523 646 530; x_wconf 89' lang='grc'><strong><em>,</em></strong></span> <span class='ocrx_word' id='word_1_3' title='bbox 833 470 925 540; x_wconf 81' lang='lat' dir='ltr'><strong>Spiese</strong></span> 
     </span>
    </p>
   </div>
   <div class='ocr_carea' id='block_1_2' title="bbox 238 643 1524 4140">
    <p class='ocr_par' dir='ltr' id='par_1_2' title="bbox 238 643 1524 4140">
     <span class='ocr_line' id='line_1_2' title="bbox 238 643 1475 729; baseline 0.002 -23"><span class='ocrx_word' id='word_1_4' title='bbox 238 670 244 674; x_wconf 94' lang='lat'>·</span> <span class='ocrx_word' id='word_1_5' title='bbox 319 645 439 710; x_wconf 89' lang='lat' dir='ltr'><strong>vocalis</strong></span> <span class='ocrx_word' id='word_1_6' title='bbox 462 645 600 728; x_wconf 86' lang='lat' dir='ltr'><strong>spatium</strong></span> <span class='ocrx_word' id='word_1_7' title='bbox 616 663 751 710; x_wconf 85' lang='lat' dir='ltr'><strong>vacuum</strong></span> <span class='ocrx_word' id='word_1_8' title='bbox 770 645 820 726; x_wconf 85' lang='lat' dir='ltr'><strong>sit,</strong></span> <span class='ocrx_word' id='word_1_9' title='bbox 845 647 969 729; x_wconf 84' lang='grc' dir='ltr'><em>φαίνην</em></span> <span class='ocrx_word' id='word_1_10' title='bbox 986 643 1191 710; x_wconf 89' lang='lat' dir='ltr'><strong>scribendum</strong></span> <span class='ocrx_word' id='word_1_11' title='bbox 1214 664 1286 711; x_wconf 90' lang='lat' dir='ltr'><strong>esse</strong></span> <span class='ocrx_word' id='word_1_12' title='bbox 1308 645 1475 711; x_wconf 79' lang='lat' dir='ltr'><strong>videtur.</strong></span> 
     </span>
     <span class='ocr_line' id='line_1_3' title="bbox 318 733 1473 828; baseline 0.004 -25"><span class='ocrx_word' id='word_1_13' title='bbox 318 733 468 828; x_wconf 80' lang='grc' dir='ltr'><em>ἆείδην</em></span> <span class='ocrx_word' id='word_1_14' title='bbox 491 743 527 807; x_wconf 87' lang='lat' dir='ltr'><strong>lr.</strong></span> <span class='ocrx_word' id='word_1_15' title='bbox 545 746 582 806; x_wconf 85' lang='grc'><strong>57</strong></span> <span class='ocrx_word' id='word_1_16' title='bbox 600 741 709 824; x_wconf 81' lang='lat' dir='ltr'><strong>Bergk</strong></span> <span class='ocrx_word' id='word_1_17' title='bbox 726 741 862 808; x_wconf 83' lang='lat' dir='ltr'><strong>restituit</strong></span> <span class='ocrx_word' id='word_1_18' title='bbox 883 763 941 826; x_wconf 90' lang='lat' dir='ltr'><strong>pro</strong></span> <span class='ocrx_word' id='word_1_19' title='bbox 956 741 1075 808; x_wconf 87' lang='lat' dir='ltr'><strong>codicis</strong></span> <span class='ocrx_word' id='word_1_20' title='bbox 1090 737 1219 807; x_wconf 77' lang='grc' dir='ltr'><em>ἀείδειν</em></span> <span class='ocrx_word' id='word_1_21' title='bbox 1243 743 1306 822; x_wconf 83' lang='lat' dir='ltr'><strong>(Et.</strong></span> <span class='ocrx_word' id='word_1_22' title='bbox 1324 743 1371 807; x_wconf 88' lang='grc' dir='ltr'><strong>Μ.</strong></span> <span class='ocrx_word' id='word_1_23' title='bbox 1391 747 1473 808; x_wconf 82' lang='lat'><strong>327</strong></span> 
     </span>
     <span class='ocr_line' id='line_1_4' title="bbox 316 834 1471 927; baseline 0.002 -24"><span class='ocrx_word' id='word_1_24' title='bbox 316 837 355 903; x_wconf 84' lang='grc' dir='ltr'><strong>τὸ</strong></span> <span class='ocrx_word' id='word_1_25' title='bbox 378 836 441 923; x_wconf 78' lang='grc' dir='ltr'><strong>γὰρ</strong></span> <span class='ocrx_word' id='word_1_26' title='bbox 464 837 650 904; x_wconf 84' lang='grc' dir='ltr'><em>λακωνικόν</em></span> <span class='ocrx_word' id='word_1_27' title='bbox 673 838 764 905; x_wconf 78' lang='grc' dir='ltr'><em>ἐστιν</em></span> <span class='ocrx_word' id='word_1_28' title='bbox 788 835 916 905; x_wconf 78' lang='grc' dir='ltr'><em>ἀείδειν</em></span> <span class='ocrx_word' id='word_1_29' title='bbox 936 834 1101 927; x_wconf 82' lang='grc' dir='ltr'><em>ἢᾶείδεν·</em></span> <span class='ocrx_word' id='word_1_30' title='bbox 1124 836 1171 925; x_wconf 82' lang='grc' dir='ltr'><strong>μὴ</strong></span> <span class='ocrx_word' id='word_1_31' title='bbox 1189 838 1224 903; x_wconf 87' lang='lat' dir='ltr'><strong>d&#39;</strong></span> <span class='ocrx_word' id='word_1_32' title='bbox 1241 837 1299 922; x_wconf 74' lang='grc' dir='ltr'><strong>ἔμ’</strong></span> <span class='ocrx_word' id='word_1_33' title='bbox 1318 836 1471 907; x_wconf 80' lang='grc' dir='ltr'><em>ἀείδειν</em></span> 
     </span>
     <span class='ocr_line' id='line_1_5' title="bbox 317 933 1469 1022; baseline 0.001 -20"><span class='ocrx_word' id='word_1_34' title='bbox 317 933 489 1019; x_wconf 78' lang='grc' dir='ltr'><em>ἆνείρνκε).</em></span> <span class='ocrx_word' id='word_1_35' title='bbox 530 960 561 1002; x_wconf 86' lang='grc' dir='ltr'><strong>ει</strong></span> <span class='ocrx_word' id='word_1_36' title='bbox 582 937 739 1020; x_wconf 83' lang='lat' dir='ltr'><strong>reperitur</strong></span> <span class='ocrx_word' id='word_1_37' title='bbox 767 937 800 1001; x_wconf 86' lang='lat' dir='ltr'><strong>in</strong></span> <span class='ocrx_word' id='word_1_38' title='bbox 830 937 945 1003; x_wconf 82' lang='lat' dir='ltr'><strong>ceteris</strong></span> <span class='ocrx_word' id='word_1_39' title='bbox 972 937 1174 1019; x_wconf 79' lang='lat' dir='ltr'><strong>fragmentis:</strong></span> <span class='ocrx_word' id='word_1_40' title='bbox 1212 935 1469 1022; x_wconf 82' lang='grc' dir='ltr'><em>κατάρχειν</em></span> 
     </span>
     <span class='ocr_line' id='line_1_6' title="bbox 317 1032 1466 1121; baseline 0.002 -21"><span class='ocrx_word' id='word_1_41' title='bbox 317 1035 354 1100; x_wconf 90' lang='lat' dir='ltr'><strong>fr.</strong></span> <span class='ocrx_word' id='word_1_42' title='bbox 378 1039 435 1118; x_wconf 80' lang='lat'><strong>243</strong></span> <span class='ocrx_word' id='word_1_43' title='bbox 470 1032 748 1115; x_wconf 71' lang='grc' dir='ltr'><em>κιθαρίσδειν</em></span> <span class='ocrx_word' id='word_1_44' title='bbox 777 1034 814 1100; x_wconf 83' lang='lat' dir='ltr'><strong>ir.</strong></span> <span class='ocrx_word' id='word_1_45' title='bbox 838 1038 878 1100; x_wconf 88' lang='grc'><strong>35</strong></span> <span class='ocrx_word' id='word_1_46' title='bbox 908 1036 1073 1114; x_wconf 85' lang='lat' dir='ltr'><strong>(Welcker</strong></span> <span class='ocrx_word' id='word_1_47' title='bbox 1102 1034 1336 1119; x_wconf 77' lang='grc' dir='ltr'><em>κιθαρίσδεν);</em></span> <span class='ocrx_word' id='word_1_48' title='bbox 1374 1041 1466 1121; x_wconf 85' lang='grc' dir='ltr'><strong>φέ-</strong></span> 
     </span>
     <span class='ocr_line' id='line_1_7' title="bbox 319 1132 1466 1219; baseline 0.003 -22"><span class='ocrx_word' id='word_1_49' title='bbox 319 1156 408 1219; x_wconf 88' lang='grc' dir='ltr'><em>ρειν</em></span> <span class='ocrx_word' id='word_1_50' title='bbox 441 1132 477 1197; x_wconf 85' lang='lat' dir='ltr'><strong>ir.</strong></span> <span class='ocrx_word' id='word_1_51' title='bbox 509 1135 549 1198; x_wconf 83' lang='lat'><strong>26</strong></span> <span class='ocrx_word' id='word_1_52' title='bbox 590 1134 623 1198; x_wconf 91' lang='lat' dir='ltr'><strong>iu</strong></span> <span class='ocrx_word' id='word_1_53' title='bbox 656 1133 853 1199; x_wconf 82' lang='lat' dir='ltr'><strong>hexametro.</strong></span> <span class='ocrx_word' id='word_1_54' title='bbox 911 1132 1057 1200; x_wconf 82' lang='lat' dir='ltr'><strong>Ceterum</strong></span> <span class='ocrx_word' id='word_1_55' title='bbox 1090 1134 1235 1217; x_wconf 87' lang='lat' dir='ltr'><strong>plerique</strong></span> <span class='ocrx_word' id='word_1_56' title='bbox 1268 1135 1466 1200; x_wconf 78' lang='lat' dir='ltr'><strong>Dorienses</strong></span> 
     </span>
     <span class='ocr_line' id='line_1_8' title="bbox 318 1230 1465 1316; baseline 0.002 -21"><span class='ocrx_word' id='word_1_57' title='bbox 318 1230 414 1296; x_wconf 90' lang='lat' dir='ltr'><strong>etiam</strong></span> <span class='ocrx_word' id='word_1_58' title='bbox 436 1231 581 1297; x_wconf 87' lang='lat' dir='ltr'><strong>Lacones</strong></span> <span class='ocrx_word' id='word_1_59' title='bbox 610 1231 865 1297; x_wconf 87' lang='lat' dir='ltr'><strong>terminationem</strong></span> <span class='ocrx_word' id='word_1_60' title='bbox 889 1256 945 1316; x_wconf 82' lang='grc' dir='ltr'><strong>-ην</strong></span> <span class='ocrx_word' id='word_1_61' title='bbox 974 1233 1132 1315; x_wconf 80' lang='lat' dir='ltr'><strong>corripere</strong></span> <span class='ocrx_word' id='word_1_62' title='bbox 1160 1231 1324 1313; x_wconf 88' lang='lat' dir='ltr'><strong>solebant,</strong></span> <span class='ocrx_word' id='word_1_63' title='bbox 1355 1231 1465 1314; x_wconf 86' lang='lat' dir='ltr'><strong>eujus</strong></span> 
     </span>
     <span class='ocr_line' id='line_1_9' title="bbox 245 1324 1465 1412; baseline 0.001 -18"><span class='ocrx_word' id='word_1_64' title='bbox 245 1324 250 1332; x_wconf 80' lang='grc'><strong><em>’</em></strong></span> <span class='ocrx_word' id='word_1_65' title='bbox 317 1329 364 1394; x_wconf 89' lang='lat' dir='ltr'><strong>rei</strong></span> <span class='ocrx_word' id='word_1_66' title='bbox 385 1329 472 1412; x_wconf 90' lang='lat' dir='ltr'><strong>apud</strong></span> <span class='ocrx_word' id='word_1_67' title='bbox 495 1329 683 1394; x_wconf 88' lang='lat' dir='ltr'><strong>Alcmanem</strong></span> <span class='ocrx_word' id='word_1_68' title='bbox 707 1335 794 1394; x_wconf 89' lang='lat' dir='ltr'><strong>certa</strong></span> <span class='ocrx_word' id='word_1_69' title='bbox 815 1337 927 1395; x_wconf 83' lang='lat' dir='ltr'><strong>extare</strong></span> <span class='ocrx_word' id='word_1_70' title='bbox 949 1330 1099 1412; x_wconf 81' lang='lat' dir='ltr'><strong>exempla</strong></span> <span class='ocrx_word' id='word_1_71' title='bbox 1121 1328 1204 1394; x_wconf 85' lang='lat' dir='ltr'><strong>inira</strong></span> <span class='ocrx_word' id='word_1_72' title='bbox 1225 1330 1257 1407; x_wconf 67' lang='grc' dir='ltr'><strong>(ς</strong></span> <span class='ocrx_word' id='word_1_73' title='bbox 1283 1332 1335 1406; x_wconf 88' lang='grc'><strong>11)</strong></span> <span class='ocrx_word' id='word_1_74' title='bbox 1358 1329 1465 1395; x_wconf 83' lang='lat' dir='ltr'><strong>vide-</strong></span> 
     </span>
     <span class='ocr_line' id='line_1_10' title="bbox 317 1426 1462 1510; baseline 0 -18"><span class='ocrx_word' id='word_1_75' title='bbox 317 1427 430 1493; x_wconf 85' lang='lat' dir='ltr'><strong>bimus.</strong></span> <span class='ocrx_word' id='word_1_76' title='bbox 476 1426 540 1493; x_wconf 88' lang='lat' dir='ltr'><strong>Sed</strong></span> <span class='ocrx_word' id='word_1_77' title='bbox 566 1447 630 1496; x_wconf 89' lang='lat' dir='ltr'><strong>uon</strong></span> <span class='ocrx_word' id='word_1_78' title='bbox 661 1435 724 1507; x_wconf 86' lang='lat' dir='ltr'><strong>est,</strong></span> <span class='ocrx_word' id='word_1_79' title='bbox 754 1446 814 1507; x_wconf 18' lang='lat' dir='ltr'><strong>our*</strong></span> <span class='ocrx_word' id='word_1_80' title='bbox 837 1428 950 1509; x_wconf 87' lang='lat' dir='ltr'><strong>longas</strong></span> <span class='ocrx_word' id='word_1_81' title='bbox 979 1426 1124 1510; x_wconf 80' lang='lat' dir='ltr'><strong>syllabas</strong></span> <span class='ocrx_word' id='word_1_82' title='bbox 1145 1446 1166 1492; x_wconf 90' lang='lat' dir='ltr'><strong>a</strong></span> <span class='ocrx_word' id='word_1_83' title='bbox 1187 1426 1351 1492; x_wconf 85' lang='lat' dir='ltr'><strong>Laconica</strong></span> <span class='ocrx_word' id='word_1_84' title='bbox 1381 1426 1462 1492; x_wconf 91' lang='lat' dir='ltr'><strong>dia-</strong></span> 
     </span>
     <span class='ocr_line' id='line_1_11' title="bbox 317 1522 1461 1606; baseline 0 -16"><span class='ocrx_word' id='word_1_85' title='bbox 317 1527 399 1592; x_wconf 84' lang='lat' dir='ltr'><strong>lecto</strong></span> <span class='ocrx_word' id='word_1_86' title='bbox 422 1524 552 1589; x_wconf 91' lang='lat' dir='ltr'><strong>omniuo</strong></span> <span class='ocrx_word' id='word_1_87' title='bbox 574 1522 796 1605; x_wconf 87' lang='lat' dir='ltr'><strong>abjudicemus</strong></span> <span class='ocrx_word' id='word_1_88' title='bbox 818 1531 850 1590; x_wconf 89' lang='lat' dir='ltr'><strong>et</strong></span> <span class='ocrx_word' id='word_1_89' title='bbox 868 1543 950 1604; x_wconf 87' lang='lat' dir='ltr'><strong>quae</strong></span> <span class='ocrx_word' id='word_1_90' title='bbox 972 1523 1059 1606; x_wconf 89' lang='lat' dir='ltr'><strong>apud</strong></span> <span class='ocrx_word' id='word_1_91' title='bbox 1082 1530 1223 1589; x_wconf 88' lang='lat' dir='ltr'><strong>nostrum</strong></span> <span class='ocrx_word' id='word_1_92' title='bbox 1246 1530 1380 1606; x_wconf 88' lang='lat' dir='ltr'><strong>poetam</strong></span> <span class='ocrx_word' id='word_1_93' title='bbox 1410 1525 1461 1590; x_wconf 72' lang='lat' dir='ltr'><strong>le</strong></span> 
     </span>
     <span class='ocr_line' id='line_1_12' title="bbox 316 1619 1458 1706; baseline -0.002 -18"><span class='ocrx_word' id='word_1_94' title='bbox 316 1630 442 1706; x_wconf 89' lang='lat' dir='ltr'><strong>guntur,</strong></span> <span class='ocrx_word' id='word_1_95' title='bbox 472 1643 493 1688; x_wconf 92' lang='lat' dir='ltr'><strong>a</strong></span> <span class='ocrx_word' id='word_1_96' title='bbox 514 1620 671 1688; x_wconf 83' lang='lat' dir='ltr'><strong>Lesbiaco</strong></span> <span class='ocrx_word' id='word_1_97' title='bbox 692 1628 883 1704; x_wconf 87' lang='lat' dir='ltr'><strong>repetamus.</strong></span> <span class='ocrx_word' id='word_1_98' title='bbox 909 1656 946 1666; x_wconf 93' lang='lat'>-</span> <span class='ocrx_word' id='word_1_99' title='bbox 970 1619 1124 1688; x_wconf 88' lang='lat' dir='ltr'><strong>Infinitivi</strong></span> <span class='ocrx_word' id='word_1_100' title='bbox 1145 1621 1386 1705; x_wconf 77' lang='lat' dir='ltr'><strong>conjugationis</strong></span> <span class='ocrx_word' id='word_1_101' title='bbox 1419 1624 1458 1686; x_wconf 92' lang='lat' dir='ltr'><strong>in</strong></span> 
     </span>
     <span class='ocr_line' id='line_1_13' title="bbox 318 1718 1458 1802; baseline -0.002 -16"><span class='ocrx_word' id='word_1_102' title='bbox 318 1745 362 1787; x_wconf 86' lang='grc' dir='ltr'><strong>ειι</strong></span> <span class='ocrx_word' id='word_1_103' title='bbox 386 1727 568 1786; x_wconf 87' lang='lat' dir='ltr'><strong>contractae</strong></span> <span class='ocrx_word' id='word_1_104' title='bbox 589 1719 651 1785; x_wconf 88' lang='lat' dir='ltr'><strong>nisi</strong></span> <span class='ocrx_word' id='word_1_105' title='bbox 673 1726 819 1802; x_wconf 87' lang='lat' dir='ltr'><strong>correpta</strong></span> <span class='ocrx_word' id='word_1_106' title='bbox 840 1718 944 1784; x_wconf 86' lang='lat' dir='ltr'><strong>vocali</strong></span> <span class='ocrx_word' id='word_1_107' title='bbox 973 1739 1037 1783; x_wconf 92' lang='lat' dir='ltr'><strong>non</strong></span> <span class='ocrx_word' id='word_1_108' title='bbox 1067 1719 1278 1802; x_wconf 88' lang='lat' dir='ltr'><strong>reperiuntur.</strong></span> <span class='ocrx_word' id='word_1_109' title='bbox 1307 1753 1352 1765; x_wconf 89' lang='lat'>-</span> <span class='ocrx_word' id='word_1_110' title='bbox 1381 1719 1458 1784; x_wconf 87' lang='lat' dir='ltr'><strong>Sed</strong></span> 
     </span>
     <span class='ocr_line' id='line_1_14' title="bbox 316 1815 1457 1902; baseline -0.006 -14"><span class='ocrx_word' id='word_1_111' title='bbox 316 1819 401 1888; x_wconf 88' lang='lat' dir='ltr'><strong>aliae</strong></span> <span class='ocrx_word' id='word_1_112' title='bbox 423 1819 494 1902; x_wconf 90' lang='lat' dir='ltr'><strong>ejus</strong></span> <span class='ocrx_word' id='word_1_113' title='bbox 516 1819 647 1899; x_wconf 83' lang='lat' dir='ltr'><strong>formae,</strong></span> <span class='ocrx_word' id='word_1_114' title='bbox 671 1836 753 1900; x_wconf 86' lang='lat' dir='ltr'><strong>quae</strong></span> <span class='ocrx_word' id='word_1_115' title='bbox 775 1817 808 1880; x_wconf 91' lang='lat' dir='ltr'><strong>in</strong></span> <span class='ocrx_word' id='word_1_116' title='bbox 831 1815 991 1881; x_wconf 88' lang='lat' dir='ltr'><strong>severiore</strong></span> <span class='ocrx_word' id='word_1_117' title='bbox 1011 1815 1131 1881; x_wconf 86' lang='lat' dir='ltr'><strong>Doride</strong></span> <span class='ocrx_word' id='word_1_118' title='bbox 1153 1839 1172 1902; x_wconf 81' lang='grc' dir='ltr'><em>η</em></span> <span class='ocrx_word' id='word_1_119' title='bbox 1196 1816 1367 1898; x_wconf 85' lang='lat' dir='ltr'><strong>praebent,</strong></span> <span class='ocrx_word' id='word_1_120' title='bbox 1393 1836 1457 1882; x_wconf 86' lang='lat' dir='ltr'><strong>ex·</strong></span> 
     </span>
     <span class='ocr_line' id='line_1_15' title="bbox 316 1912 1454 1997; baseline -0.005 -13"><span class='ocrx_word' id='word_1_121' title='bbox 316 1926 387 1984; x_wconf 91' lang='lat' dir='ltr'><strong>taut</strong></span> <span class='ocrx_word' id='word_1_122' title='bbox 408 1918 485 1996; x_wconf 89' lang='lat' dir='ltr'><strong>hae,</strong></span> <span class='ocrx_word' id='word_1_123' title='bbox 517 1915 709 1981; x_wconf 87' lang='lat' dir='ltr'><strong>Laconicum</strong></span> <span class='ocrx_word' id='word_1_124' title='bbox 738 1915 876 1979; x_wconf 89' lang='lat' dir='ltr'><strong>colorem</strong></span> <span class='ocrx_word' id='word_1_125' title='bbox 906 1932 970 1977; x_wconf 90' lang='lat' dir='ltr'><strong>uon</strong></span> <span class='ocrx_word' id='word_1_126' title='bbox 1000 1913 1172 1979; x_wconf 87' lang='lat' dir='ltr'><strong>habentes:</strong></span> <span class='ocrx_word' id='word_1_127' title='bbox 1211 1912 1454 1997; x_wconf 80' lang='grc' dir='ltr'><em>δραμεῖται</em></span> 
     </span>
     <span class='ocr_line' id='line_1_16' title="bbox 316 2005 1455 2099; baseline -0.003 -19"><span class='ocrx_word' id='word_1_128' title='bbox 316 2037 392 2099; x_wconf 89' lang='lat' dir='ltr'><strong>pap.</strong></span> <span class='ocrx_word' id='word_1_129' title='bbox 410 2018 438 2079; x_wconf 80' lang='lat'><strong>2.</strong></span> <span class='ocrx_word' id='word_1_130' title='bbox 455 2018 495 2076; x_wconf 77' lang='lat'><strong>25</strong></span> <span class='ocrx_word' id='word_1_131' title='bbox 520 2014 658 2086; x_wconf 84' lang='lat' dir='ltr'><strong>(Ahrens</strong></span> <span class='ocrx_word' id='word_1_132' title='bbox 675 2008 868 2096; x_wconf 80' lang='grc' dir='ltr'><em>δραμήιαι);</em></span> <span class='ocrx_word' id='word_1_133' title='bbox 891 2005 1062 2096; x_wconf 77' lang='grc' dir='ltr'><em>ἡγεῖται</em></span> <span class='ocrx_word' id='word_1_134' title='bbox 1083 2010 1120 2075; x_wconf 84' lang='lat' dir='ltr'><strong>fr.</strong></span> <span class='ocrx_word' id='word_1_135' title='bbox 1137 2013 1177 2074; x_wconf 84' lang='lat'><strong>93</strong></span> <span class='ocrx_word' id='word_1_136' title='bbox 1201 2010 1455 2089; x_wconf 76' lang='lat' dir='ltr'><strong>(Schneidewin</strong></span> 
     </span>
     <span class='ocr_line' id='line_1_17' title="bbox 317 2103 1453 2197; baseline -0.004 -21"><span class='ocrx_word' id='word_1_137' title='bbox 317 2109 449 2197; x_wconf 75' lang='grc' dir='ltr'><em>ἆγῆται,</em></span> <span class='ocrx_word' id='word_1_138' title='bbox 473 2110 582 2191; x_wconf 82' lang='lat' dir='ltr'><strong>Bergk</strong></span> <span class='ocrx_word' id='word_1_139' title='bbox 598 2103 748 2191; x_wconf 76' lang='lat' dir='ltr'><strong>dysteos)</strong></span> <span class='ocrx_word' id='word_1_140' title='bbox 771 2107 810 2171; x_wconf 88' lang='lat' dir='ltr'><strong>cf.</strong></span> <span class='ocrx_word' id='word_1_141' title='bbox 826 2106 958 2190; x_wconf 84' lang='lat' dir='ltr'><strong>Lysistr.</strong></span> <span class='ocrx_word' id='word_1_142' title='bbox 984 2111 1065 2172; x_wconf 80' lang='lat'>1314</span> <span class='ocrx_word' id='word_1_143' title='bbox 1087 2104 1218 2193; x_wconf 75' lang='grc' dir='ltr'><em>ἆγῆται.</em></span> <span class='ocrx_word' id='word_1_144' title='bbox 1240 2108 1391 2173; x_wconf 80' lang='lat' dir='ltr'><strong>-Item</strong></span> <span class='ocrx_word' id='word_1_145' title='bbox 1418 2132 1453 2173; x_wconf 88' lang='grc' dir='ltr'><strong>ει</strong></span> 
     </span>
     <span class='ocr_line' id='line_1_18' title="bbox 317 2203 1453 2293; baseline -0.004 -18"><span class='ocrx_word' id='word_1_146' title='bbox 317 2208 473 2293; x_wconf 87' lang='lat' dir='ltr'><strong>reperitur</strong></span> <span class='ocrx_word' id='word_1_147' title='bbox 495 2207 528 2271; x_wconf 88' lang='lat' dir='ltr'><strong>iu</strong></span> <span class='ocrx_word' id='word_1_148' title='bbox 558 2204 747 2288; x_wconf 89' lang='lat' dir='ltr'><strong>imperativo</strong></span> <span class='ocrx_word' id='word_1_149' title='bbox 773 2207 894 2268; x_wconf 73' lang='grc' dir='ltr'><em>τίθει</em></span> <span class='ocrx_word' id='word_1_150' title='bbox 917 2208 974 2283; x_wconf 84' lang='grc'><strong>45,</strong></span> <span class='ocrx_word' id='word_1_151' title='bbox 1003 2225 1073 2270; x_wconf 90' lang='lat' dir='ltr'><strong>cum</strong></span> <span class='ocrx_word' id='word_1_152' title='bbox 1102 2206 1135 2269; x_wconf 90' lang='lat' dir='ltr'><strong>in</strong></span> <span class='ocrx_word' id='word_1_153' title='bbox 1159 2203 1337 2289; x_wconf 79' lang='lat' dir='ltr'><strong>Cyrenaico</strong></span> <span class='ocrx_word' id='word_1_154' title='bbox 1369 2225 1453 2287; x_wconf 88' lang='lat' dir='ltr'><strong>quo·</strong></span> 
     </span>
     <span class='ocr_line' id='line_1_19' title="bbox 318 2301 1451 2388; baseline -0.004 -16"><span class='ocrx_word' id='word_1_155' title='bbox 318 2307 392 2372; x_wconf 89' lang='lat' dir='ltr'><strong>dam</strong></span> <span class='ocrx_word' id='word_1_156' title='bbox 420 2305 513 2370; x_wconf 87' lang='lat' dir='ltr'><strong>titulo</strong></span> <span class='ocrx_word' id='word_1_157' title='bbox 542 2301 661 2388; x_wconf 70' lang='grc' dir='ltr'><em>ἒννίδη</em></span> <span class='ocrx_word' id='word_1_158' title='bbox 690 2302 845 2384; x_wconf 87' lang='lat' dir='ltr'><strong>legamus.</strong></span> <span class='ocrx_word' id='word_1_159' title='bbox 880 2337 919 2348; x_wconf 94' lang='lat'>—</span> <span class='ocrx_word' id='word_1_160' title='bbox 953 2301 1192 2384; x_wconf 87' lang='lat' dir='ltr'><strong>Adjectivorum</strong></span> <span class='ocrx_word' id='word_1_161' title='bbox 1226 2301 1385 2367; x_wconf 86' lang='lat' dir='ltr'><strong>feminina</strong></span> <span class='ocrx_word' id='word_1_162' title='bbox 1414 2303 1451 2367; x_wconf 91' lang='lat' dir='ltr'><strong>in</strong></span> 
     </span>
     <span class='ocr_line' id='line_1_20' title="bbox 315 2396 1524 2485; baseline -0.009 -11"><span class='ocrx_word' id='word_1_163' title='bbox 315 2416 397 2481; x_wconf 85' lang='grc' dir='ltr'><em>-εῐιι,</em></span> <span class='ocrx_word' id='word_1_164' title='bbox 422 2402 507 2485; x_wconf 89' lang='lat' dir='ltr'><strong>quod</strong></span> <span class='ocrx_word' id='word_1_165' title='bbox 530 2422 571 2469; x_wconf 83' lang='lat' dir='ltr'><strong>ex</strong></span> <span class='ocrx_word' id='word_1_166' title='bbox 590 2399 685 2484; x_wconf 80' lang='lat' dir='ltr'><strong>-eojo</strong></span> <span class='ocrx_word' id='word_1_167' title='bbox 706 2401 759 2466; x_wconf 86' lang='lat' dir='ltr'><strong>vel</strong></span> <span class='ocrx_word' id='word_1_168' title='bbox 774 2399 868 2483; x_wconf 72' lang='lat' dir='ltr'><strong>-srja</strong></span> <span class='ocrx_word' id='word_1_169' title='bbox 890 2396 1099 2482; x_wconf 90' lang='lat' dir='ltr'><strong>productione</strong></span> <span class='ocrx_word' id='word_1_170' title='bbox 1118 2399 1317 2482; x_wconf 88' lang='lat' dir='ltr'><strong>suppletoria</strong></span> <span class='ocrx_word' id='word_1_171' title='bbox 1339 2405 1450 2464; x_wconf 89' lang='lat' dir='ltr'><strong>ortum</strong></span> <span class='ocrx_word' id='word_1_172' title='bbox 1522 2423 1524 2428; x_wconf 36' lang='lat'>⁸</span> 
     </span>
     <span class='ocr_line' id='line_1_21' title="bbox 316 2496 1447 2592; baseline -0.006 -22"><span class='ocrx_word' id='word_1_173' title='bbox 316 2510 380 2584; x_wconf 92' lang='lat' dir='ltr'><strong>est,</strong></span> <span class='ocrx_word' id='word_1_174' title='bbox 411 2521 514 2584; x_wconf 90' lang='lat' dir='ltr'><strong>aeque</strong></span> <span class='ocrx_word' id='word_1_175' title='bbox 542 2501 575 2564; x_wconf 92' lang='lat' dir='ltr'><strong>iu</strong></span> <span class='ocrx_word' id='word_1_176' title='bbox 604 2498 763 2564; x_wconf 86' lang='lat' dir='ltr'><strong>Laconica</strong></span> <span class='ocrx_word' id='word_1_177' title='bbox 791 2497 930 2562; x_wconf 84' lang='lat' dir='ltr'><strong>dialecto</strong></span> <span class='ocrx_word' id='word_1_178' title='bbox 956 2519 975 2580; x_wconf 83' lang='grc' dir='ltr'><em>η</em></span> <span class='ocrx_word' id='word_1_179' title='bbox 1005 2496 1186 2561; x_wconf 87' lang='lat' dir='ltr'><strong>habuerunt</strong></span> <span class='ocrx_word' id='word_1_180' title='bbox 1214 2497 1252 2592; x_wconf 64' lang='grc' dir='ltr'><strong>εί.</strong></span> <span class='ocrx_word' id='word_1_181' title='bbox 1271 2498 1333 2578; x_wconf 61' lang='lat' dir='ltr'><strong>tlt.</strong></span> <span class='ocrx_word' id='word_1_182' title='bbox 1359 2497 1447 2563; x_wconf 82' lang='lat' dir='ltr'><strong>Gud.</strong></span> 
     </span>
     <span class='ocr_line' id='line_1_22' title="bbox 317 2593 1447 2680; baseline -0.007 -13"><span class='ocrx_word' id='word_1_183' title='bbox 317 2605 388 2667; x_wconf 80' lang='lat'>430.</span> <span class='ocrx_word' id='word_1_184' title='bbox 413 2605 453 2664; x_wconf 88' lang='grc'><strong>44</strong></span> <span class='ocrx_word' id='word_1_185' title='bbox 477 2595 530 2663; x_wconf 78' lang='grc' dir='ltr'><strong>ὅτι</strong></span> <span class='ocrx_word' id='word_1_186' title='bbox 552 2594 646 2677; x_wconf 81' lang='grc' dir='ltr'><em>ὀξεῖα</em></span> <span class='ocrx_word' id='word_1_187' title='bbox 668 2595 821 2679; x_wconf 79' lang='grc' dir='ltr'><em>λέγουσιν</em></span> <span class='ocrx_word' id='word_1_188' title='bbox 845 2593 878 2658; x_wconf 82' lang='lat' dir='ltr'><strong>oi</strong></span> <span class='ocrx_word' id='word_1_189' title='bbox 899 2596 1047 2676; x_wconf 85' lang='grc' dir='ltr'><em>Δωριεῖς</em></span> <span class='ocrx_word' id='word_1_190' title='bbox 1071 2593 1128 2659; x_wconf 86' lang='grc' dir='ltr'><strong>διὰ</strong></span> <span class='ocrx_word' id='word_1_191' title='bbox 1150 2599 1210 2659; x_wconf 79' lang='grc' dir='ltr'><strong>τοῦ</strong></span> <span class='ocrx_word' id='word_1_192' title='bbox 1232 2593 1305 2680; x_wconf 80' lang='grc' dir='ltr'><strong><em>ἦτα.</em></strong></span> <span class='ocrx_word' id='word_1_193' title='bbox 1345 2593 1447 2678; x_wconf 86' lang='lat' dir='ltr'><strong>Apud</strong></span> 
     </span>
     <span class='ocr_line' id='line_1_23' title="bbox 315 2690 1445 2776; baseline -0.008 -11"><span class='ocrx_word' id='word_1_194' title='bbox 315 2700 519 2765; x_wconf 88' lang='lat' dir='ltr'><strong>Alemanem:</strong></span> <span class='ocrx_word' id='word_1_195' title='bbox 558 2690 813 2776; x_wconf 82' lang='grc' dir='ltr'><em>Πασιχάρηα</em></span> <span class='ocrx_word' id='word_1_196' title='bbox 835 2691 871 2755; x_wconf 83' lang='lat' dir='ltr'><strong>tr.</strong></span> <span class='ocrx_word' id='word_1_197' title='bbox 895 2695 934 2755; x_wconf 84' lang='lat'><strong>27</strong></span> <span class='ocrx_word' id='word_1_198' title='bbox 958 2710 1074 2756; x_wconf 89' lang='lat' dir='ltr'><strong>nomen</strong></span> <span class='ocrx_word' id='word_1_199' title='bbox 1097 2711 1117 2756; x_wconf 92' lang='lat' dir='ltr'><strong>a</strong></span> <span class='ocrx_word' id='word_1_200' title='bbox 1138 2697 1235 2774; x_wconf 89' lang='lat' dir='ltr'><strong>poeta</strong></span> <span class='ocrx_word' id='word_1_201' title='bbox 1256 2710 1313 2774; x_wconf 91' lang='lat' dir='ltr'><strong>per</strong></span> <span class='ocrx_word' id='word_1_202' title='bbox 1331 2690 1445 2774; x_wconf 90' lang='lat' dir='ltr'><strong>jocum</strong></span> 
     </span>
     <span class='ocr_line' id='line_1_24' title="bbox 315 2787 1445 2872; baseline -0.008 -9"><span class='ocrx_word' id='word_1_203' title='bbox 315 2796 431 2864; x_wconf 88' lang='lat' dir='ltr'><strong>fictum.</strong></span> <span class='ocrx_word' id='word_1_204' title='bbox 476 2789 693 2871; x_wconf 74' lang='lat' dir='ltr'><strong>eonferenda,</strong></span> <span class='ocrx_word' id='word_1_205' title='bbox 716 2809 812 2872; x_wconf 90' lang='lat' dir='ltr'><strong>quam</strong></span> <span class='ocrx_word' id='word_1_206' title='bbox 834 2789 959 2854; x_wconf 87' lang='lat' dir='ltr'><strong>Ahrens</strong></span> <span class='ocrx_word' id='word_1_207' title='bbox 981 2787 1129 2854; x_wconf 88' lang='lat' dir='ltr'><strong>Alcmani</strong></span> <span class='ocrx_word' id='word_1_208' title='bbox 1151 2788 1309 2870; x_wconf 86' lang='lat' dir='ltr'><strong>vindieat,</strong></span> <span class='ocrx_word' id='word_1_209' title='bbox 1332 2789 1445 2871; x_wconf 77' lang='lat' dir='ltr'><strong>glossa</strong></span> 
     </span>
     <span class='ocr_line' id='line_1_25' title="bbox 316 2885 1442 2977; baseline -0.01 -16"><span class='ocrx_word' id='word_1_210' title='bbox 316 2892 469 2977; x_wconf 87' lang='lat' dir='ltr'><strong>Heeychii</strong></span> <span class='ocrx_word' id='word_1_211' title='bbox 497 2886 746 2973; x_wconf 75' lang='grc' dir='ltr'><em>τετραβαρήων.</em></span> <span class='ocrx_word' id='word_1_212' title='bbox 791 2887 864 2952; x_wconf 86' lang='lat' dir='ltr'><strong>Nou</strong></span> <span class='ocrx_word' id='word_1_213' title='bbox 893 2886 998 2952; x_wconf 89' lang='lat' dir='ltr'><strong>miuus</strong></span> <span class='ocrx_word' id='word_1_214' title='bbox 1023 2885 1200 2969; x_wconf 86' lang='lat' dir='ltr'><strong>adjectiva,</strong></span> <span class='ocrx_word' id='word_1_215' title='bbox 1231 2905 1315 2968; x_wconf 88' lang='lat' dir='ltr'><strong>quae</strong></span> <span class='ocrx_word' id='word_1_216' title='bbox 1342 2886 1442 2968; x_wconf 84' lang='lat' dir='ltr'><strong>vulgo</strong></span> 
     </span>
     <span class='ocr_line' id='line_1_26' title="bbox 302 2982 1442 3068; baseline -0.007 -13"><span class='ocrx_word' id='word_1_217' title='bbox 302 2989 348 3056; x_wconf 89' lang='lat' dir='ltr'><strong>&#39;in</strong></span> <span class='ocrx_word' id='word_1_218' title='bbox 372 3001 443 3064; x_wconf 86' lang='grc' dir='ltr'><em>εῑος</em></span> <span class='ocrx_word' id='word_1_219' title='bbox 465 2994 593 3064; x_wconf 87' lang='lat' dir='ltr'><strong>exeunt,</strong></span> <span class='ocrx_word' id='word_1_220' title='bbox 616 2984 702 3068; x_wconf 90' lang='lat' dir='ltr'><strong>apud</strong></span> <span class='ocrx_word' id='word_1_221' title='bbox 725 3003 781 3049; x_wconf 92' lang='lat' dir='ltr'><strong>eos</strong></span> <span class='ocrx_word' id='word_1_222' title='bbox 803 2984 915 3064; x_wconf 90' lang='lat' dir='ltr'><strong>Dores,</strong></span> <span class='ocrx_word' id='word_1_223' title='bbox 939 2983 992 3064; x_wconf 92' lang='lat' dir='ltr'><strong>qui</strong></span> <span class='ocrx_word' id='word_1_224' title='bbox 1007 3002 1028 3046; x_wconf 91' lang='lat' dir='ltr'><strong>a</strong></span> <span class='ocrx_word' id='word_1_225' title='bbox 1045 2983 1169 3066; x_wconf 86' lang='lat' dir='ltr'><strong>vulgari</strong></span> <span class='ocrx_word' id='word_1_226' title='bbox 1190 2982 1315 3048; x_wconf 88' lang='lat' dir='ltr'><strong>ratione</strong></span> <span class='ocrx_word' id='word_1_227' title='bbox 1337 2982 1442 3065; x_wconf 86' lang='lat' dir='ltr'><strong>magis</strong></span> 
     </span>
     <span class='ocr_line' id='line_1_27' title="bbox 314 3077 1440 3166; baseline -0.007 -14"><span class='ocrx_word' id='word_1_228' title='bbox 314 3085 484 3162; x_wconf 89' lang='lat' dir='ltr'><strong>recedunt,</strong></span> <span class='ocrx_word' id='word_1_229' title='bbox 526 3102 597 3147; x_wconf 88' lang='lat' dir='ltr'><strong>curn</strong></span> <span class='ocrx_word' id='word_1_230' title='bbox 631 3105 650 3166; x_wconf 86' lang='grc' dir='ltr'><em>η</em></span> <span class='ocrx_word' id='word_1_231' title='bbox 690 3081 900 3162; x_wconf 88' lang='lat' dir='ltr'><strong>reperiuntur.</strong></span> <span class='ocrx_word' id='word_1_232' title='bbox 954 3077 1049 3161; x_wconf 85' lang='lat' dir='ltr'><strong>Apud</strong></span> <span class='ocrx_word' id='word_1_233' title='bbox 1088 3087 1231 3146; x_wconf 89' lang='lat' dir='ltr'><strong>nostrum</strong></span> <span class='ocrx_word' id='word_1_234' title='bbox 1266 3085 1413 3163; x_wconf 80' lang='grc' dir='ltr'><em>Λυκῆο</em></span> <span class='ocrx_word' id='word_1_235' title='bbox 1421 3102 1440 3155; x_wconf 85' lang='grc' dir='ltr'><strong><em>ς</em></strong></span> 
     </span>
     <span class='ocr_line' id='line_1_28' title="bbox 315 3175 1440 3265; baseline -0.007 -17"><span class='ocrx_word' id='word_1_236' title='bbox 315 3183 352 3248; x_wconf 85' lang='lat' dir='ltr'><strong>fr.</strong></span> <span class='ocrx_word' id='word_1_237' title='bbox 373 3185 423 3263; x_wconf 88' lang='grc'><strong>83,</strong></span> <span class='ocrx_word' id='word_1_238' title='bbox 446 3185 485 3244; x_wconf 86' lang='lat' dir='ltr'><strong>A</strong></span> <span class='ocrx_word' id='word_1_239' title='bbox 491 3177 599 3265; x_wconf 79' lang='grc' dir='ltr'><em>νκήω</em></span> <span class='ocrx_word' id='word_1_240' title='bbox 612 3178 658 3242; x_wconf 77' lang='lat' dir='ltr'><strong>dr.</strong></span> <span class='ocrx_word' id='word_1_241' title='bbox 683 3182 733 3258; x_wconf 87' lang='grc'><strong>73,</strong></span> <span class='ocrx_word' id='word_1_242' title='bbox 758 3175 798 3242; x_wconf 91' lang='lat' dir='ltr'><strong>de</strong></span> <span class='ocrx_word' id='word_1_243' title='bbox 820 3196 882 3259; x_wconf 91' lang='lat' dir='ltr'><strong>quo</strong></span> <span class='ocrx_word' id='word_1_244' title='bbox 904 3175 1103 3259; x_wconf 83' lang='lat' dir='ltr'><strong>grammatici</strong></span> <span class='ocrx_word' id='word_1_245' title='bbox 1125 3195 1251 3259; x_wconf 89' lang='lat' dir='ltr'><strong>quoque</strong></span> <span class='ocrx_word' id='word_1_246' title='bbox 1273 3182 1440 3242; x_wconf 89' lang='lat' dir='ltr'><strong>testantur.</strong></span> 
     </span>
     <span class='ocr_line' id='line_1_29' title="bbox 316 3272 1439 3360; baseline -0.005 -16"><span class='ocrx_word' id='word_1_247' title='bbox 316 3316 357 3326; x_wconf 94' lang='lat'>—</span> <span class='ocrx_word' id='word_1_248' title='bbox 385 3279 557 3344; x_wconf 87' lang='lat' dir='ltr'><strong>Praeterea</strong></span> <span class='ocrx_word' id='word_1_249' title='bbox 578 3295 682 3360; x_wconf 88' lang='lat' dir='ltr'><strong>pauca</strong></span> <span class='ocrx_word' id='word_1_250' title='bbox 704 3295 745 3341; x_wconf 86' lang='lat' dir='ltr'><strong>ex</strong></span> <span class='ocrx_word' id='word_1_251' title='bbox 767 3274 930 3340; x_wconf 87' lang='lat' dir='ltr'><strong>Alcmauis</strong></span> <span class='ocrx_word' id='word_1_252' title='bbox 952 3274 1138 3355; x_wconf 81' lang='lat' dir='ltr'><strong>fragmentis</strong></span> <span class='ocrx_word' id='word_1_253' title='bbox 1159 3272 1327 3339; x_wconf 85' lang='lat' dir='ltr'><strong>afferenda</strong></span> <span class='ocrx_word' id='word_1_254' title='bbox 1349 3279 1439 3339; x_wconf 91' lang='lat' dir='ltr'><strong>sunt:</strong></span> 
     </span>
     <span class='ocr_line' id='line_1_30' title="bbox 312 3369 1438 3464; baseline -0.005 -22"><span class='ocrx_word' id='word_1_255' title='bbox 312 3374 442 3464; x_wconf 86' lang='grc' dir='ltr'><em>χηρδς</em></span> <span class='ocrx_word' id='word_1_256' title='bbox 464 3375 500 3440; x_wconf 84' lang='lat' dir='ltr'><strong>ir.</strong></span> <span class='ocrx_word' id='word_1_257' title='bbox 518 3379 558 3441; x_wconf 84' lang='lat'><strong>32</strong></span> <span class='ocrx_word' id='word_1_258' title='bbox 580 3378 664 3440; x_wconf 91' lang='lat' dir='ltr'><strong>teste</strong></span> <span class='ocrx_word' id='word_1_259' title='bbox 686 3372 870 3438; x_wconf 87' lang='lat' dir='ltr'><strong>Herodiano</strong></span> <span class='ocrx_word' id='word_1_260' title='bbox 894 3370 980 3455; x_wconf 89' lang='lat' dir='ltr'><strong>apud</strong></span> <span class='ocrx_word' id='word_1_261' title='bbox 1004 3369 1150 3435; x_wconf 82' lang='lat' dir='ltr'><strong>Eustath.</strong></span> <span class='ocrx_word' id='word_1_262' title='bbox 1173 3369 1216 3435; x_wconf 86' lang='lat' dir='ltr'><strong>ad</strong></span> <span class='ocrx_word' id='word_1_263' title='bbox 1238 3370 1277 3434; x_wconf 91' lang='lat' dir='ltr'><strong>Il.</strong></span> <span class='ocrx_word' id='word_1_264' title='bbox 1297 3374 1368 3434; x_wconf 85' lang='lat'>110.</span> <span class='ocrx_word' id='word_1_265' title='bbox 1388 3373 1438 3436; x_wconf 83' lang='grc'><strong>37.</strong></span> 
     </span>
     <span class='ocr_line' id='line_1_31' title="bbox 314 3466 1440 3553; baseline -0.007 -11"><span class='ocrx_word' id='word_1_266' title='bbox 314 3476 446 3542; x_wconf 83' lang='lat' dir='ltr'><strong>Aeolica</strong></span> <span class='ocrx_word' id='word_1_267' title='bbox 468 3473 572 3538; x_wconf 85' lang='lat' dir='ltr'><strong>forma</strong></span> <span class='ocrx_word' id='word_1_268' title='bbox 586 3479 635 3537; x_wconf 90' lang='lat' dir='ltr'><strong>est</strong></span> <span class='ocrx_word' id='word_1_269' title='bbox 655 3474 785 3553; x_wconf 80' lang='grc' dir='ltr'><em>χέρρος.</em></span> <span class='ocrx_word' id='word_1_270' title='bbox 809 3506 849 3516; x_wconf 94' lang='grc'>-</span> <span class='ocrx_word' id='word_1_271' title='bbox 872 3471 910 3534; x_wconf 92' lang='lat' dir='ltr'><strong>lu</strong></span> <span class='ocrx_word' id='word_1_272' title='bbox 932 3487 1056 3552; x_wconf 88' lang='lat' dir='ltr'><strong>papyro</strong></span> <span class='ocrx_word' id='word_1_273' title='bbox 1072 3470 1100 3531; x_wconf 83' lang='lat'><strong>2.</strong></span> <span class='ocrx_word' id='word_1_274' title='bbox 1121 3471 1155 3529; x_wconf 92' lang='lat' dir='ltr'><strong>ll</strong></span> <span class='ocrx_word' id='word_1_275' title='bbox 1181 3474 1292 3534; x_wconf 82' lang='lat' dir='ltr'><strong>extare</strong></span> <span class='ocrx_word' id='word_1_276' title='bbox 1313 3466 1440 3534; x_wconf 85' lang='lat' dir='ltr'><strong>videtur</strong></span> 
     </span>
     <span class='ocr_line' id='line_1_32' title="bbox 316 3563 1438 3661; baseline -0.006 -22"><span class='ocrx_word' id='word_1_277' title='bbox 316 3574 425 3656; x_wconf 77' lang='grc' dir='ltr'><em>εἲμεν,</em></span> <span class='ocrx_word' id='word_1_278' title='bbox 460 3571 513 3637; x_wconf 92' lang='lat' dir='ltr'><strong>ubi</strong></span> <span class='ocrx_word' id='word_1_279' title='bbox 542 3591 600 3655; x_wconf 92' lang='lat' dir='ltr'><strong>pro</strong></span> <span class='ocrx_word' id='word_1_280' title='bbox 627 3567 762 3633; x_wconf 88' lang='lat' dir='ltr'><strong>mitioris</strong></span> <span class='ocrx_word' id='word_1_281' title='bbox 791 3567 924 3650; x_wconf 77' lang='lat' dir='ltr'><strong>Doridis</strong></span> <span class='ocrx_word' id='word_1_282' title='bbox 948 3566 1065 3661; x_wconf 81' lang='lat' dir='ltr'><strong>forma,</strong></span> <span class='ocrx_word' id='word_1_283' title='bbox 1092 3564 1130 3628; x_wconf 83' lang='lat' dir='ltr'><strong>‘in</strong></span> <span class='ocrx_word' id='word_1_284' title='bbox 1160 3583 1256 3647; x_wconf 77' lang='lat' dir='ltr'><strong>quam</strong></span> <span class='ocrx_word' id='word_1_285' title='bbox 1289 3563 1438 3632; x_wconf 85' lang='lat' dir='ltr'><strong>librarius</strong></span> 
     </span>
     <span class='ocr_line' id='line_1_33' title="bbox 314 3661 1438 3752; baseline -0.011 -14"><span class='ocrx_word' id='word_1_286' title='bbox 314 3673 530 3752; x_wconf 86' lang='lat' dir='ltr'><strong>aberraverat,</strong></span> <span class='ocrx_word' id='word_1_287' title='bbox 553 3671 732 3734; x_wconf 84' lang='lat' dir='ltr'><strong>correctura</strong></span> <span class='ocrx_word' id='word_1_288' title='bbox 749 3665 896 3730; x_wconf 88' lang='lat' dir='ltr'><strong>restituta</strong></span> <span class='ocrx_word' id='word_1_289' title='bbox 911 3671 959 3729; x_wconf 92' lang='lat' dir='ltr'><strong>est</strong></span> <span class='ocrx_word' id='word_1_290' title='bbox 975 3682 1023 3742; x_wconf 88' lang='lat' dir='ltr'><strong>ea,</strong></span> <span class='ocrx_word' id='word_1_291' title='bbox 1046 3680 1129 3743; x_wconf 89' lang='lat' dir='ltr'><strong>quae</strong></span> <span class='ocrx_word' id='word_1_292' title='bbox 1150 3661 1183 3725; x_wconf 90' lang='lat' dir='ltr'><strong>in</strong></span> <span class='ocrx_word' id='word_1_293' title='bbox 1206 3661 1325 3731; x_wconf 86' lang='lat' dir='ltr'><strong>tabulis</strong></span> <span class='ocrx_word' id='word_1_294' title='bbox 1341 3661 1438 3727; x_wconf 89' lang='lat' dir='ltr'><strong>Hera-</strong></span> 
     </span>
     <span class='ocr_line' id='line_1_34' title="bbox 314 3757 1438 3849; baseline -0.009 -15"><span class='ocrx_word' id='word_1_295' title='bbox 314 3767 495 3834; x_wconf 87' lang='lat' dir='ltr'><strong>cleensibus</strong></span> <span class='ocrx_word' id='word_1_296' title='bbox 517 3763 708 3849; x_wconf 87' lang='lat' dir='ltr'><strong>compluries</strong></span> <span class='ocrx_word' id='word_1_297' title='bbox 731 3763 864 3827; x_wconf 87' lang='lat' dir='ltr'><strong>occurrit</strong></span> <span class='ocrx_word' id='word_1_298' title='bbox 886 3769 919 3827; x_wconf 92' lang='lat' dir='ltr'><strong>et</strong></span> <span class='ocrx_word' id='word_1_299' title='bbox 939 3759 1072 3825; x_wconf 90' lang='lat' dir='ltr'><strong>nuncin</strong></span> <span class='ocrx_word' id='word_1_300' title='bbox 1095 3757 1206 3822; x_wconf 90' lang='lat' dir='ltr'><strong>tabula</strong></span> <span class='ocrx_word' id='word_1_301' title='bbox 1220 3777 1325 3823; x_wconf 88' lang='lat' dir='ltr'><strong>aenea</strong></span> <span class='ocrx_word' id='word_1_302' title='bbox 1340 3759 1438 3825; x_wconf 89' lang='lat' dir='ltr'><strong>Laco-</strong></span> 
     </span>
     <span class='ocr_line' id='line_1_35' title="bbox 315 3853 1437 3934; baseline -0.005 -4"><span class='ocrx_word' id='word_1_303' title='bbox 315 3867 422 3931; x_wconf 83' lang='lat' dir='ltr'><strong>nicae</strong></span> <span class='ocrx_word' id='word_1_304' title='bbox 438 3862 634 3931; x_wconf 88' lang='lat' dir='ltr'><strong>Kirchhoffio</strong></span> <span class='ocrx_word' id='word_1_305' title='bbox 650 3862 738 3927; x_wconf 88' lang='lat' dir='ltr'><strong>edita</strong></span> <span class='ocrx_word' id='word_1_306' title='bbox 753 3859 922 3934; x_wconf 88' lang='lat' dir='ltr'><strong>(Monatsb.</strong></span> <span class='ocrx_word' id='word_1_307' title='bbox 939 3856 969 3920; x_wconf 91' lang='lat' dir='ltr'><strong>d.</strong></span> <span class='ocrx_word' id='word_1_308' title='bbox 984 3855 1068 3920; x_wconf 90' lang='lat' dir='ltr'><strong>Berl.</strong></span> <span class='ocrx_word' id='word_1_309' title='bbox 1084 3853 1184 3919; x_wconf 87' lang='lat' dir='ltr'><strong>Acad.</strong></span> <span class='ocrx_word' id='word_1_310' title='bbox 1197 3853 1228 3919; x_wconf 90' lang='lat' dir='ltr'><strong>d.</strong></span> <span class='ocrx_word' id='word_1_311' title='bbox 1240 3854 1437 3924; x_wconf 87' lang='lat' dir='ltr'><strong>Wissensch.</strong></span> 
     </span>
     <span class='ocr_line' id='line_1_36' title="bbox 318 3948 1495 4048; baseline -0.009 -21"><span class='ocrx_word' id='word_1_312' title='bbox 318 3966 410 4039; x_wconf 84' lang='grc'>1870)</span> <span class='ocrx_word' id='word_1_313' title='bbox 432 3962 549 4044; x_wconf 84' lang='lat' dir='ltr'><strong>legitur</strong></span> <span class='ocrx_word' id='word_1_314' title='bbox 571 3948 666 4048; x_wconf 73' lang='grc' dir='ltr'><em>(ἦμεν</em></span> <span class='ocrx_word' id='word_1_315' title='bbox 689 3979 730 4026; x_wconf 83' lang='lat' dir='ltr'><strong>ex</strong></span> <span class='ocrx_word' id='word_1_316' title='bbox 751 3955 900 4037; x_wconf 66' lang='lat' dir='ltr'><strong>*deprevl</strong></span> <span class='ocrx_word' id='word_1_317' title='bbox 928 3987 970 4000; x_wconf 92' lang='lat'><em>-</em></span> <span class='ocrx_word' id='word_1_318' title='bbox 992 3957 1093 4037; x_wconf 78' lang='grc' dir='ltr'><em>κῆνος</em></span> <span class='ocrx_word' id='word_1_319' title='bbox 1115 3971 1172 4033; x_wconf 90' lang='lat' dir='ltr'><strong>prc</strong></span> <span class='ocrx_word' id='word_1_320' title='bbox 1195 3961 1308 4028; x_wconf 84' lang='grc' dir='ltr'><em>κεῖνος</em></span> <span class='ocrx_word' id='word_1_321' title='bbox 1331 3954 1439 4018; x_wconf 67' lang='grc' dir='ltr'><em>ΑεοΙίὲ</em></span> <span class='ocrx_word' id='word_1_322' title='bbox 1493 4011 1495 4016; x_wconf 93' lang='grc'>.</span> 
     </span>
     <span class='ocr_line' id='line_1_37' title="bbox 314 4046 1439 4140; baseline -0.009 -15"><span class='ocrx_word' id='word_1_323' title='bbox 314 4080 384 4125; x_wconf 90' lang='lat' dir='ltr'><strong>curn</strong></span> <span class='ocrx_word' id='word_1_324' title='bbox 408 4066 471 4140; x_wconf 88' lang='lat' dir='ltr'><strong>est,</strong></span> <span class='ocrx_word' id='word_1_325' title='bbox 502 4058 559 4125; x_wconf 90' lang='lat' dir='ltr'><strong>sed</strong></span> <span class='ocrx_word' id='word_1_326' title='bbox 582 4079 646 4123; x_wconf 90' lang='lat' dir='ltr'><strong>uon</strong></span> <span class='ocrx_word' id='word_1_327' title='bbox 669 4057 774 4122; x_wconf 89' lang='lat' dir='ltr'><strong>minus</strong></span> <span class='ocrx_word' id='word_1_328' title='bbox 796 4055 830 4119; x_wconf 92' lang='lat' dir='ltr'><strong>iu</strong></span> <span class='ocrx_word' id='word_1_329' title='bbox 858 4050 1017 4120; x_wconf 87' lang='lat' dir='ltr'><strong>severiore</strong></span> <span class='ocrx_word' id='word_1_330' title='bbox 1040 4046 1160 4113; x_wconf 90' lang='lat' dir='ltr'><strong>Doride</strong></span> <span class='ocrx_word' id='word_1_331' title='bbox 1188 4047 1279 4113; x_wconf 87' lang='lat' dir='ltr'><strong>illam</strong></span> <span class='ocrx_word' id='word_1_332' title='bbox 1301 4047 1439 4118; x_wconf 82' lang='lat' dir='ltr'><strong>formam</strong></span> 
     </span>
    </p>
   </div>
   <div class='ocr_carea' id='block_1_3' title="bbox 0 0 1618 4948">
    <p class='ocr_par' dir='ltr' id='par_1_3' title="bbox 0 0 1618 4948">
     <span class='ocr_line' id='line_1_38' title="bbox 0 0 1618 4948; baseline 0 2"><span class='ocrx_word' id='word_1_333' title='bbox 0 0 1618 4948; x_wconf 95' lang='lat' dir='ltr'><strong> </strong></span> 
     </span>
    </p>
   </div>
  </div>
 </body>
</html>
