3218 4934
270 462 311 528 72
764 463 899 520 Baunack

269 639 379 705 milem
400 640 432 704 in
455 637 584 704 modum
608 633 713 714 εὐθύς
733 644 766 703 et
794 633 891 716 ιύθά,
920 634 1000 713 ἰθύς
1029 642 1061 702 et
1091 633 1162 715 tot,
1191 633 1340 723 ἀτρέμας
1362 645 1409 720 et¹

271 732 410 822 ἀτρέμα,
433 724 537 813 αὖθις
553 743 584 802 et
599 723 693 814 αὖθι,
716 731 813 819 άχρις
829 743 860 801 et
875 731 961 820 άχρι,
984 731 1102 818 μέχρις
1125 742 1157 802 et
1177 733 1286 818 μέχρι,
1308 737 1393 802 πσλ-

270 832 366 912 λάκις
389 840 421 900 et
435 831 590 911 πολλάκι,
613 831 701 916 apud
715 832 888 900 Homerum
912 827 1045 911 ὁσσάκι,
1067 829 1220 912 τοσσάκι,
1242 831 1392 920 μεσσηγύ

269 951 328 1016 pro
352 926 510 1009 ὁσσάκις,
530 928 711 1017 κσσσάκις,
733 928 904 1017 μεσσηγύς
930 929 1142 1013 reperiuntur.
1186 931 1275 996 Inter
1297 930 1395 997 diale-

271 1019 340 1096 ctos¹
360 1027 537 1095 nonnullae
558 1027 601 1092 ad
622 1027 716 1094 istam
738 1027 884 1111 sigmatis
906 1025 1135 1094 detractionem
1158 1028 1331 1094 inclinant:
1360 1028 1394 1093 in

271 1125 432 1210 Naupacti
460 1125 676 1208 inscriptionis
698 1145 745 1192 vs.
769 1129 788 1190 9
818 1122 893 1189 ὅσω
922 1145 979 1209 pro
1009 1121 1118 1204 ὅπως,
1148 1145 1194 1191 vs.
1219 1129 1257 1188 21
1290 1111 1392 1189 siab-

270 1221 363 1288 lativi
397 1222 499 1287 forma
527 1223 685 1305 leguntur.
729 1220 782 1287 Eri
814 1223 951 1307 cypricis
980 1242 1105 1306 quoquc
1134 1223 1394 1306 inscriptionibus

271 1320 351 1385 mihi
373 1320 592 1403 exemplorum
614 1327 648 1385 ut
671 1317 713 1385 κά
735 1341 793 1404 pro
816 1318 878 1397 κάς
899 1321 920 1386 i.
944 1340 971 1386 e.
994 1325 1061 1398 καί,
1083 1316 1131 1384 σά
1153 1341 1211 1405 pro
1233 1317 1301 1396 σάς
1322 1321 1343 1385 i.
1366 1339 1394 1386 e.

272 1421 363 1497 ποσί,
384 1422 427 1481 τά
449 1437 507 1500 pro
529 1423 589 1493 σᾶς
618 1417 720 1496 (Stud.
744 1418 806 1484 VII
826 1439 859 1502 p.
882 1421 956 1495 236)
984 1417 1019 1482 in
1041 1424 1180 1485 mentem
1202 1418 1300 1484 venit.
1344 1419 1394 1484 Ex

272 1516 318 1581 eis
340 1514 432 1582 vides
454 1516 538 1581 hunc
560 1535 680 1582 morem
702 1537 723 1582 a
743 1535 879 1599 graecae
906 1515 1037 1599 linguae
1058 1516 1184 1599 legibus
1204 1535 1270 1581 non
1292 1515 1394 1582 solum

271 1631 336 1678 nou
357 1612 562 1680 abhorruisse
588 1614 646 1680 sed
673 1615 707 1680 in
730 1634 770 1680 ea
791 1615 869 1680 satis
891 1614 1042 1680 usitatum
1064 1612 1171 1678 luisse.
1216 1610 1307 1691 Quae
1329 1614 1396 1696 qui·
1460 1680 1462 1696 ,

272 1708 346 1777 dem
369 1710 518 1795 exempla
547 1710 683 1778 fortasse
704 1711 862 1778 sufficient
891 1711 935 1777 ad
963 1708 1047 1794 ἐμοῦ
1068 1711 1190 1803 formae
1213 1710 1397 1793 explicatio·
1454 1730 1459 1736 ·

271 1827 346 1874 nem
367 1808 457 1873 illam
480 1807 690 1890 probandam.
805 1831 807 1834 ·

328 1905 545 1988 ‚Priusquam
580 1906 654 1970 huic
683 1905 890 1989 disputationi
922 1903 1016 1970 finem
1045 1904 1178 1986 faciam,
1214 1904 1254 1972 de
1286 1906 1396 1988 glossa

272 2001 479 2086 Hesychiana
512 2020 688 2087 exponam,
728 2023 811 2086 quae
843 2002 949 2069 adhuc
980 2003 1207 2086 interpretibus
1239 2003 1397 2068 maximas

273 2097 400 2182 paravit
429 2097 644 2166 difficultates.
688 2101 768 2166 Dico
790 2096 940 2177 άσσὲως·
969 2097 1027 2166 ἐπὶ
1055 2103 1126 2176 σ’σῦ,
1155 2107 1190 2165 ut
1217 2100 1319 2167 codex
1343 2119 1396 2166 ex·

273 2195 371 2262 hibet.
402 2198 484 2263 Eam
499 2197 688 2280 scripturam
698 2197 881 2265 Meinekius
895 2198 929 2264 in
944 2193 1066 2263 άσσέσ·
1083 2194 1142 2280 irat
1159 2198 1230 2276 σοῦ,
1247 2198 1397 2264 Albertus

165 2315 167 2318 ·
272 2294 307 2360 in
329 2285 370 2370 ἇς
394 2290 454 2384 oa‘o
476 2290 535 2359 ἐπὶ
558 2295 623 2371 (vel
646 2292 723 2373 ἕως)
745 2301 816 2372 σοῦ,
848 2296 1014 2362 Schowius
1036 2298 1070 2361 in
1092 2291 1214 2362 άσσεσ·
1240 2293 1314 2374 ἕως,
1338 2293 1396 2362 ἐπὶ
1474 2334 1478 2340 ,

275 2395 347 2469 σοῦ,
376 2389 571 2457 Schmidtius
599 2392 632 2456 in
662 2383 718 2471 ἇς·
748 2391 812 2470 ἕως
834 2392 951 2478 μέχρις
975 2387 1013 2459 σά
1036 2393 1194 2476 corrigere
1216 2393 1395 2459 voluerunt.
1455 2425 1458 2430 ·

274 2487 340 2555 Sed
362 2495 398 2554 ut
418 2489 460 2554 ab
481 2487 765 2574 interpretamento
787 2490 912 2556 initium
938 2489 1108 2572 iaciamus,
1139 2490 1221 2555 illud
1244 2487 1304 2556 ἐπὶ
1326 2496 1397 2569 σοῦ,

274 2585 351 2670 quid
372 2585 460 2670 apud
482 2586 676 2672 Hesychium
699 2588 755 2670 sit,
785 2608 826 2654 ex
848 2588 957 2672 glossa
980 2586 1064 2654 κατὰ
1086 2587 1225 2653 σαυτὸν·
1255 2585 1315 2654 ἐπὶ
1338 2589 1399 2654 σοῦ

273 2684 371 2768 plane
393 2693 544 2768 apparet,
575 2685 662 2752 unde
684 2682 818 2764 άσσέως
846 2692 923 2764 „tuo
945 2707 1048 2768 more,
1079 2685 1162 2751 nach
1186 2684 1297 2751 deiner
1318 2687 1399 2752 Art“

273 2781 549 2866 interpretandum
578 2803 649 2850 csse
679 2785 793 2849 clucet.
837 2783 927 2861 Quae
957 2784 1086 2866 quidem
1109 2782 1298 2866 significatio
1327 2803 1397 2849 cum

274 2879 490 2963 pronominali
505 2879 648 2944 ablativo
663 2878 810 2944 adverbii
832 2880 902 2946 loco
918 2886 1070 2964 usurpato
1092 2881 1255 2964 conspirat
1268 2881 1399 2964 optime.

274 2975 432 3059 Compare
454 2975 551 3058 igitur
573 2971 708 3052 άσσέως
730 2996 801 3042 cum
819 2975 905 3054 τέως
920 2981 1001 3055 σι’ως
1023 2983 1067 3062 (p.
1083 2981 1136 3055 71)
1153 2984 1185 3044 et
1201 2977 1242 3044 de
1257 3001 1288 3057 α,
1311 2978 1399 3060 quod

274 3071 487 3156 protheticum
509 3076 597 3155 puto,
622 3069 752 3154 ἒ-μίως.
797 3075 944 3158 Namque
966 3078 994 3143 si
1015 3081 1092 3142 ante
1115 3075 1218 3158 sigma
1239 3076 1295 3141 rel
1316 3095 1400 3141 com·

272 3169 383 3254 plures
416 3188 574 3236 consonas
601 3188 622 3235 a
651 3193 673 3236 σ
705 3171 813 3238 littera
844 3172 1035 3259 incipientes
1067 3173 1190 3239 vocalis
1221 3173 1400 3256 prothetica

273 3266 489 3350 anteponitur,
519 3285 558 3333 ea
585 3286 691 3352 paene
720 3289 847 3354 semper
874 3271 996 3336 vocalis
1018 3295 1039 3334 α
1062 3278 1127 3355 est3
1155 3270 1264 3336 confer
1292 3268 1399 3336 ά-σσα

274 3368 344 3448 (pro
359 3357 491 3449 *ci-rja,
515 3364 601 3432 Ourt.
616 3367 741 3452 styma
755 3389 787 3451 p.
804 3372 888 3450 712),
912 3365 1028 3454 ά-σφι,
1043 3364 1161 3454 ά-σφε,
1185 3364 1319 3454 ά-σιήρ.
1349 3369 1400 3434 Ita

275 3459 436 3540 ά-σσὲως.
481 3463 627 3547 Duplicis
656 3465 800 3548 sigmatis
828 3465 986 3550 scriptura
1013 3465 1186 3532 acutiorem
1215 3465 1401 3548 pronuntia-

202 3574 206 3583 ·
261 3561 394 3644 „tionem
411 3560 544 3627 denotat
564 3561 631 3641 (cfr.
646 3562 833 3646 imperfecta
846 3561 965 3629 ἰἐσσσν
982 3569 1014 3630 et
1030 3561 1206 3642 ἐπιεσσαν,
1229 3561 1401 3648 dequibus
1488 3645 1490 3650 Ι

274 3657 360 3724 inira
380 3661 516 3742 agetur),
540 3660 593 3742 qui
615 3679 691 3726 usus
713 3659 809 3726 etiam
831 3660 865 3726 in
887 3660 1147 3745 inscriptionibus
1169 3659 1330 3726 interdum
1352 3679 1400 3726 re·

275 3756 406 3840 peritur.
450 3754 580 3834 (Confer
601 3756 703 3840 argiv.
726 3753 912 3840 ἑρμάσσισς
935 3755 1209 3843 άπσσιεγάσσισς
1238 3755 1401 3841 ἱμασσίαν

274 3872 333 3937 pro
356 3851 525 3934 αἱμασιάν,
540 3853 624 3920 inira
646 3853 838 3932 tractanda.)
