3226 4948
268 439 334 505 352'
785 443 876 513 Spiess

268 619 306 685 ir.
330 622 380 702 66,
413 617 568 682 δοκέων
592 616 628 680 ir.
653 619 703 698 87,
735 610 926 699 6666616.
951 619 1001 682 81.
1034 653 1076 662 -
1110 618 1159 684 De
1183 615 1403 684 declinatione

269 716 444 798 nominum,
467 734 601 797 quorum
624 714 720 797 stirps
741 713 776 779 in
793 738 805 778 ι
821 713 948 796 desinit,
971 714 1036 780 6116
1060 715 1130 780 1666
1146 714 1319 781 dicendum
1338 721 1399 782 est.

354 813 505 879 Vocalem
528 837 547 876 6
570 812 715 877 Lacones
744 830 870 894 semper
898 812 985 878 lusco
1015 832 1094 878 sono
1121 813 1305 881 enuntiasse
1334 815 1401 899 pri·

268 931 354 978 mam
378 910 447 993 ejus
469 915 617 974 naturam
639 909 814 974 retinentes
830 909 909 975 satis
925 916 1059 996 constat,
1083 929 1276 993 quamquam
1291 932 1401 996 neque

242 1043 248 1052 ,
268 1011 302 1074 in
317 1008 418 1074 titulis
433 1025 537 1090 neque
552 1005 640 1089 apud
656 1006 905 1090 Aristophanem
926 1006 1006 1073 haec
1028 1007 1208 1092 proprietas
1227 1009 1400 1076 scribendo

269 1124 424 1189 expressa
439 1111 497 1170 est.
528 1104 641 1186 Neque
658 1103 750 1187 apud
773 1111 916 1170 nostrum
929 1112 1068 1187 poetam
1090 1106 1200 1171 ullum'
1215 1108 1399 1190 vestigium,

269 1223 345 1268 nam
368 1223 431 1286 qua
454 1200 615 1285 quondam
638 1200 680 1266 ad
708 1202 792 1267 hanc
821 1203 1040 1285 quaestionem
1070 1203 1263 1269 abutebatur
1286 1205 1400 1289 Bergk

268 1300 526 1366 varia'lectionc
549 1299 586 1364 lr.
610 1304 630 1366 6
653 1321 835 1384 φουκεσσι,
867 1319 938 1365 eam
968 1321 1033 1365 non
1056 1301 1098 1366 ab
1121 1303 1262 1385 antiquis
1284 1323 1400 1368 manu-

270 1399 396 1482 scriptis
417 1398 586 1481 repetitam
610 1417 691 1478 6666,
715 1397 772 1463 sed
795 1398 926 1464 librario
946 1397 1073 1463 cuidam
1088 1397 1209 1482 deberi,
1233 1419 1274 1467 ex
1289 1401 1399 1467 verbis

269 1495 475 1562 aPrisciano
502 1495 622 1561 additis
651 1493 729 1561 satis
758 1502 895 1580 apparet
924 1496 1151 1572 (6126116616.
1181 1498 1398 1565 16116666.

190 1639 193 1648 ι
273 1597 365 1659 1852.
389 1597 431 1672 2).

352 1717 371 1756 6
394 1710 496 1775 proc,
520 1690 605 1773 quod
627 1692 803 1758 Lesbiacae
826 1690 954 1757 dialecti
976 1691 1177 1775 potissimum
1199 1699 1258 1774 est,
1281 1665 1397 1759 Doridi

268 1808 393 1873 quoque
415 1789 528 1855 merito
544 1788 670 1855 Absens
693 1789 836 1855 attribuit
858 1789 892 1854 in
907 1808 987 1855 voce
1006 1785 1122 1873 ὅνυμα.
1152 1791 1285 1874 Legitur
1306 1791 1397 1875 apud

267 1888 454 1953 Alcmanem
479 1882 593 1968 ὄνυμ’
611 1887 647 1952 fr.
665 1891 715 1952 21.
746 1886 1057 1970 66666166616166
1081 1887 1177 1954 dubio
1199 1909 1264 1954 vox
1286 1883 1395 1971 drapo

297 2033 305 2049 .
331 1991 379 2048 17.

268 1985 296 2049 fr
353 2109 371 2146 v
394 2103 452 2166 pro
475 2106 496 2145 r
517 2082 551 2146 in
579 2080 694 2147 mediis
710 2081 852 2146 ¹vocibus
881 2081 964 2147 inter
992 2082 1122 2148 vocales
1150 2082 1237 2167 apud
1259 2082 1395 2150 Lesbios

267 2180 417 2246 usitatum
446 2197 510 2242 non
540 2197 642 2260 acque
670 2179 704 2243 in
732 2178 850 2244 Dorica
881 2178 1017 2246 dialecto
1044 2179 1272 2262 frequentatur.
1317 2181 1397 2247 Uni·
1523 2227 1530 2230 -

224 2267 226 2272 ’
267 2296 338 2341 666
361 2277 544 2359 exemplum
566 2281 655 2340 extat
676 2276 709 2340 in
732 2278 851 2342 recenti
873 2277 963 2342 titulo
979 2279 1139 2344 Laconico
1156 2278 1189 2344 Ο.
1206 2280 1231 2343 1.
1254 2279 1292 2344 G.
1312 2283 1393 2344 1466

267 2372 467 2460 Λαυαγήτα.
497 2375 535 2439 In
558 2394 682 2460 papyro
704 2381 813 2440 nostro
836 2375 1077 2456 1661666229
1100 2369 1393 2459 αὖειρομέναι,

268 2472 325 2538 sed
347 2473 392 2538 ita
414 2478 448 2538 61
470 2496 511 2537 66
534 2474 664 2539 brevem
688 2474 848 2558 syllabam
870 2473 975 2537 166161.
1051 2548 1056 2558 ,
1153 2487 1154 2499 ’

504 2646 523 2724 6
549 2648 596 2708 10.
642 2644 698 2707 De
721 2641 924 2707 vocalium
947 2661 1153 2719 concursu.

352 2761 526 2828 Notissima
548 2761 604 2827 illa
626 2761 815 2844 spirantium
830 2760 906 2844 luga
926 2761 1044 2827 lactum
1068 2768 1125 2844 est,
1148 2768 1183 2827 ut
1204 2762 1393 2846 saepissime

266 2860 300 2925 in
322 2861 433 2943 lingua
449 2861 573 2926 Graeca
588 2860 717 2924 vocales
733 2864 969 2943 concurrerent3
993 2866 1106 2944 postea
1127 2879 1290 2926 verorum
1312 2861 1393 2928 haec

267 2958 431 3023 concursio
453 2955 656 3022 incommoda
671 2961 765 3036 esset,
789 2956 917 3021 vocales
932 2957 1079 3023 contrahi
1097 2963 1230 3041 coeptae
1252 2964 1335 3038 sunt,
1357 2958 1392 3024 in
1495 2995 1506 3010 ν
1585 3002 1586 3020 i

268 3074 331 3143 qua
352 3073 387 3118 re
410 3071 475 3117 non
502 3071 612 3118 omnes
642 3051 771 3116 dialecti
800 3051 936 3118 eandem
964 3055 1121 3121 rationem
1150 3062 1224 3120 sunt
1252 3063 1391 3122 secutae.

267 3152 431 3215 Postremo
461 3149 622 3232 digamma
649 3149 734 3215 inter
761 3150 890 3216 vocales
915 3153 1058 3235 evanuit,
1087 3152 1195 3236 itaque
1223 3153 1326 3219 rarius
1353 3172 1393 3220 eo

268 3247 347 3313 eliso
369 3247 498 3314 6666166
528 3247 761 3314 coalescebant.
790 3247 902 3330 6661,
933 3249 966 3314 16
996 3251 1110 3332 quibus
1133 3249 1226 3315 nulla
1249 3251 1393 3318 Graecae

266 3346 397 3429 linguae
425 3346 549 3430 species
579 3347 828 3413 contractionem
859 3347 1025 3428 ostendat,
1060 3367 1142 3431 quae
1172 3347 1224 3413 hic
1252 3354 1393 3432 praeter-

159 3492 162 3496 .
266 3443 437 3526 mittimus3
468 3443 526 3511 sed
549 3433 631 3528 quae
658 3445 692 3508 in
723 3446 881 3510 communi
909 3446 1019 3528 lingua
1041 3445 1290 3511 contractionem
1313 3445 1395 3530 pati·

266 3549 370 3624 untur,
401 3562 472 3608 cum
501 3540 535 3607 in
557 3542 676 3609 Dorica
705 3541 859 3623 dialecto,
892 3563 975 3626 quae
1006 3542 1169 3625 digamma
1196 3542 1316 3609 diutius
1344 3562 1393 3609 re·

266 3639 373 3722 tinuit,
405 3645 437 3705 61
465 3640 498 3704 16
521 3638 752 3723 antiquioribus
774 3641 922 3708 omnibus
944 3640 1091 3707 dialectis
1119 3640 1243 3706 solutae
1271 3641 1393 3708 lormae

266 3737 299 3801 in
322 3758 380 3803 usu
402 3737 535 3822 luerint,
559 3758 599 3805 66
621 3736 839 3804 enumeranda
861 3746 934 3804 sunt
941 3787 949 3820 ,
980 3743 1133 3821 quotquot
1154 3738 1243 3822 apud
1265 3739 1394 3804 Alcma-

266 3854 340 3901 nem
363 3835 527 3917 leguntur:
551 3832 680 3901 ἀείδω
704 3839 825 3919 6662.
843 3843 879 3920 5;
902 3832 1110 3918 ἀείσομαι
1132 3835 1222 3920 lr.2;
1245 3833 1391 3921 ἄειᾷεν

266 3931 303 3997 fr.
318 3937 345 4015 1,
368 3932 489 4000 ibidem
510 3933 603 3999 codd.
620 3925 693 3998 ἇεὶν
716 3929 820 4014 ἄειδε,
844 3931 917 3999 clla
940 3929 1046 4011 decdo,
1070 3933 1179 4016 Bergk
1201 3931 1391 4018 discolorde3

150 4041 153 4048 '
267 4027 523 4117 dordovdpcrv
560 4051 634 4116 pap.
666 4033 695 4096 3.
726 4034 783 4115 293
823 4027 1127 4116 (dlea‘iloqrdpon
1162 4051 1238 4115 pap.
1267 4034 1390 4118 2.,·14;
