3226 4948
229 499 231 504 '
298 493 340 546 De
357 491 468 546 ablativi
484 491 513 543 in
531 489 667 544 veteribus
685 489 782 558 linguis
800 489 899 543 italicis
916 489 1005 544 torma
1023 496 1050 546 et
1067 507 1119 547 usu
1137 491 1226 546 locali.
1265 487 1327 548 387

199 665 299 732 fuisse
322 664 482 745 diversam
512 661 647 741 deinde,
678 681 748 729 cum
778 661 913 728 ablativi
941 662 1076 747 pluralis
1103 663 1195 728 latini
1224 665 1334 743 usum‚'

201 762 305 845 qualis
319 761 371 842 sit,
394 767 586 844 spectamus,
608 759 736 824 illorum
752 761 922 841 sententia,
946 761 999 843 qui
1015 762 1100 825 hunc
1115 780 1224 826 casum
1245 763 1331 826 loca-

201 860 301 924 tivum
332 877 404 941 csse
433 865 563 942 putant,
592 857 686 924 nobis
708 857 806 924 valde
828 858 963 941 arridet3
995 859 1052 924 scd
1076 856 1160 940 quod
1184 859 1330 924 ‚maxime

201 977 261 1022 nos
283 955 426 1040 impedit,
449 955 619 1038 quominus
633 955 739 1038 Boppi
762 957 954 1022 sententiam
976 956 1157 1038 probemus,
1181 946 1328 1021 hoc‘est:

200 1074 265 1120 non
293 1060 341 1119 est
364 1052 512 1132 dubium,
539 1054 616 1136 quin
638 1053 672 1118 in
694 1054 806 1136 lingua
833 1053 1097 1137 indogcrmanica
1118 1053 1213 1118 huius
1234 1073 1329 1118 casus

8 1145 13 1152 ’
43 1139 46 1144 ’
160 1203 162 1207 ,
202 1153 306 1218 exitus
328 1149 450 1234 bhjcmo
477 1150 585 1230 fuerit,
615 1151 701 1216 unde
728 1151 762 1214 in
791 1151 902 1234 lingua
928 1151 1037 1216 italica
1056 1149 1131 1233 fos,
1164 1151 1198 1215 in
1227 1150 1332 1216 latina

202 1248 266 1320 too,
290 1247 346 1310 bus
366 1247 535 1315 formatum
558 1267 629 1312 oum
652 1248 751 1334 stirpe
773 1249 941 1314 verborum
963 1247 1029 1312 ini
1050 1248 1233 1313 exeuntium
1256 1267 1330 1312 con·

201 1346 395 1429 iungebatur
417 1345 579 1428 (aaronem
607 1347 708 1411 rerba
736 1352 843 1412 autem
868 1345 902 1409 in
925 1349 1154 1410 consonantem
1178 1344 1332 1411 exeuntia

203 1464 244 1510 cx
277 1445 389 1508 horum
422 1445 574 1525 analogia
607 1443 675 1506 ibus
707 1443 798 1527 stirpi
831 1443 1061 1526 adiungebant.
1106 1441 1330 1508 Schleicherus

202 1547 309 1606 autem
333 1539 579 1624 (compendium
601 1561 675 1624 pag.
700 1544 774 1619 569)
803 1540 960 1623 multique
985 1539 1131 1628 homines
1153 1538 1330 1604 doctissimi

203 1658 244 1704 ex
266 1637 379 1704 suffixo
403 1637 525 1721 bhjums
548 1639 642 1703 etiam
659 1639 778 1702 exitum
801 1638 938 1703 ablativi
960 1639 1013 1703 vel
1036 1637 1137 1702 dativi
1159 1637 1328 1702 verborum
1406 1695 1407 1700 ,

182 1737 236 1801 ·in
259 1757 278 1798 a
301 1742 333 1800 et
356 1756 374 1797 o
398 1735 582 1803 exeuntium
607 1731 742 1815 ducunt,
773 1736 834 1800 rati
857 1736 916 1800 has
937 1734 1056 1800 formas
1078 1734 1176 1800 aliam
1200 1753 1240 1798 cx
1263 1733 1329 1797 alia

202 1834 371 1918 paullatim
388 1839 516 1898 exortas
531 1851 618 1896 esse:
642 1831 807 1917 *cqocfios
818 1867 859 1878 -
874 1832 1050 1916 *epirotica
1063 1867 1105 1878 -
1120 1829 1277 1917 *epirotes
1288 1867 1330 1877 --

203 1932 300 2016 cquis.
334 1930 437 2009 Quam
461 1929 653 1994 sententiam
675 1949 786 1995 veram
808 1951 872 1995 non
896 1950 968 1996 esse
990 1949 1029 1995 ex
1052 1930 1164 2010 lingua
1186 1929 1330 1994 umbrica

202 2034 348 2112 apparot.
392 2027 507 2110 Stirpis
530 2027 615 2091 cuim
635 2027 733 2110 fiacr
755 2029 822 2100 (lat.
835 2025 979 2110 frosm),
1011 2027 1064 2088 ovi
1084 2027 1152 2098 (lat.
1176 2029 1252 2102 acic)
1275 2027 1330 2090 ab·

127 2114 132 2123 ⁸
202 2126 321 2190 latirus
347 2123 482 2208 pluralis
505 2131 553 2188 est
571 2123 720 2207 fictam,
744 2127 844 2207 onem
872 2124 981 2206 stirpis
1004 2122 1170 2190 vocalibus
1193 2144 1212 2185 a
1235 2124 1288 2188 vel
1311 2143 1330 2184 o

202 2223 395 2288 terminatae
417 2221 580 2286 ablativus
603 2230 652 2292 est
676 2223 864 2306 Treplonar,
891 2223 1037 2306 deportes
1066 2224 1110 2297 (in
1133 2221 1252 2286 tabulis
1275 2240 1331 2304 po·

203 2318 387 2384 stelionibus
423 2316 605 2389 Treblcncr,
640 2319 818 2402 deqrrrirr),
853 2338 923 2383 cum
956 2324 1068 2384 contra
1099 2318 1177 2383 illae
1209 2318 1331 2383 formae

203 2415 299 2482 etiam
323 2421 390 2478 tum
412 2413 552 2478 litteram
573 2435 589 2475 s
610 2414 763 2477 intactam
786 2414 956 2479 retineant.
1000 2415 1082 2478 Nam
1106 2434 1176 2478 cum
1200 2416 1331 2496 linguae

102 2548 106 2556 ι
186 2511 366 2581 umbrieae
395 2509 580 2594 posterioris
608 2510 755 2595 proprius
784 2509 825 2576 sit
851 2511 1063 2576 rhotacismns
1091 2546 1132 2556 -
1163 2510 1235 2575 dioc
1258 2529 1330 2576 cam

203 2609 318 2692 legem,
342 2626 405 2689 qua
426 2608 605 2689 quodqucc
622 2608 760 2691 simplex
782 2609 835 2673 vel
856 2607 1080 2673 intermedium
1102 2608 1156 2674 vel
1177 2605 1273 2672 finale
1296 2609 1329 2672 in

203 2728 222 2768 r
240 2711 380 2772 mutatur
394 2740 446 2783 —,
468 2703 552 2769 inter
573 2727 589 2766 s
610 2704 765 2786 litteram,
789 2723 872 2787 quae
893 2711 1038 2770 servatur
1058 2705 1092 2768 in
1114 2704 1224 2770 formis
1246 2705 1331 2767 aceto

204 2839 246 2850 -
261 2803 353 2873 occia
379 2807 410 2867 et
431 2802 532 2883 illam,
557 2820 640 2884 quae
662 2808 802 2866 mutatur
824 2802 857 2867 in
879 2801 988 2868 formis
1007 2801 1179 2885 Tropleccs
1192 2837 1235 2847 -
1253 2803 1329 2864 Tre·
1433 2794 1445 2810 ’

204 2900 312 2963 blanco
334 2919 363 2964 a.
387 2919 428 2980 a,
453 2898 577 2981 aliquid
601 2900 758 2965 interesse
786 2899 966 2982 putandum
995 2905 1052 2964 est.
1096 2899 1181 2963 Nam
1203 2899 1230 2964 si
1260 2898 1331 2980 quis

204 2997 291 3064 dicat
305 2997 338 3062 in
354 2997 465 3079 lingua
479 2995 632 3077 umbrica,
656 3014 738 3078 qnae
753 2996 786 3060 in
801 2996 914 3062 tabula
929 2995 1049 3078 quinta,
1069 3002 1170 3077 sexta,
1193 2996 1331 3079 septima

202 3096 329 3179 legitur,
354 3101 583 3160 consonantem
606 3117 622 3156 s
643 3095 725 3160 inter
747 3092 829 3160 duas
850 3094 979 3159 vocales
1001 3093 1113 3159 autin
1135 3092 1198 3160 line
1217 3094 1340 3160 verbo-¹
1399 3119 1401 3124 ¹
1467 3083 1472 3098 “

203 3212 272 3258 rum
295 3192 441 3271 inveniri,
465 3191 607 3274 profecto
630 3191 711 3255 illud
730 3213 746 3253 s
767 3211 831 3256 non
855 3198 904 3257 cst
925 3192 1073 3275 simplex,
1096 3192 1182 3276 quod
1204 3191 1254 3258 his
1277 3211 1331 3258 ex·

205 3287 319 3370 emplis
342 3286 593 3353 demonstratur:
611 3288 723 3365 Fiam,
746 3307 807 3370 pro
827 3307 889 3370 quo
911 3287 946 3352 in
967 3289 1079 3354 tabula
1100 3288 1237 3371 Iguvina
1259 3289 1334 3353 Vll„

203 3405 233 3450 a.
246 3389 285 3448 43
302 3383 416 3446 Possm
431 3385 561 3467 legitur;
584 3395 678 3458 taces,
694 3393 891 3452 contractum
907 3404 948 3451 ex
961 3384 1115 3458 *tacetve
1131 3384 1217 3468 quod
1233 3386 1330 3450 etiam

203 3501 262 3566 per
284 3491 388 3554 taccz,
420 3501 503 3565 quae
525 3483 706 3548 tabularum
734 3483 949 3566 antiquiorum
971 3483 1128 3565 scriptura
1150 3489 1215 3564 est,
1245 3502 1330 3548 com·

203 3579 364 3664 probatur.
846 3643 847 3652 ,

289 3675 391 3756 Quam
414 3675 456 3742 ad
480 3675 715 3762 difficultatem,
745 3699 828 3762 quae
850 3677 1047 3746 Schleioheri
1075 3677 1234 3744 sententia
1259 3699 1330 3762 pro·

204 3776 282 3841 bata
297 3774 448 3856 exoritur,
470 3775 700 3841 removendam
722 3782 821 3860 atque
843 3775 920 3860 quid
941 3774 1067 3841 intersit
1089 3775 1173 3841 inter
1195 3776 1330 3842 ablativi

203 3872 322 3938 formas
346 3870 572 3954 explicandum
595 3873 637 3937 ab
659 3868 732 3940 aliis
754 3873 843 3940 aliud
863 3873 1050 3956 requisitum
1072 3880 1121 3938 est
1142 3873 1329 3940 remedium.

204 3970 394 4036 Auirechtus
420 3975 451 4034 ct
466 3969 737 4037 Kirchhoiiius'in
759 3971 815 4037 illo
838 3971 924 4037 libro
942 3969 1024 4050 (ΑΚ.
1048 3970 1110 4036 Die
1127 3969 1330 4037 umbrischen

203 4066 528 4150 Sprachdenkmaler‚
553 4067 662 4133 Berlin
688 4071 823 4146 1849s50
845 4089 919 4154 pag.
946 4072 1015 4132 1114.
1042 4069 1110 4133 128.
1134 4088 1164 4134 a.
1187 4072 1240 4152 a),
1268 4087 1330 4151 quo

833 4191 843 4222 ,·
963 4199 964 4202 =
1071 4170 1125 4222 na*
