3218 4934
324 490 386 548 110
553 529 557 532 -
814 491 949 548 Baunack

321 683 405 746 quae
419 663 519 728 verba
533 663 687 729 Lebrsius
702 669 734 728 et
744 665 912 732 Nauckius
926 665 961 731 in
976 667 1101 732 καττὰν
1116 666 1234 753 κόραν,
1250 671 1450 755 Hartungius

320 762 354 826 in
377 765 501 826 καττᾶν
522 765 649 846 κορρᾶν
676 769 859 846 mutavere,
888 765 1068 848 traduntur,
1096 766 1234 833 fortasse
1262 768 1387 836 litteras
1411 771 1447 837 in

179 942 190 953 ἢ
321 857 364 924 κὰ
385 857 447 923 τὰν
469 857 598 944 κάρραν
621 858 819 942 distinguere
834 881 873 926 ao
888 860 1072 928 distendere
1092 864 1209 930 melius
1230 865 1300 932 erit.
1329 865 1447 946 Quam-

320 979 416 1042 quam
439 958 574 1023 Aloman
602 978 668 1021 non
697 957 845 1024 hacona
872 960 1123 1044 praepositionis
1150 961 1254 1027 forma
1275 983 1351 1030 usus
1373 984 1447 1032 esse

319 1056 462 1140 videtur3
484 1055 645 1120 invenitur
659 1053 744 1119 enim
760 1052 846 1118 κατά
860 1056 894 1120 in
914 1056 1027 1139 fragm.
1044 1061 1084 1121 24
1107 1056 1286 1143 κατάρχειν
1307 1060 1446 1148 (κατάρ-

318 1153 433 1239 xpel),
462 1153 497 1218 in
518 1153 631 1235 fragm.
654 1155 695 1217 97
724 1150 906 1230 καταύσεις
928 1159 960 1220 et
981 1153 1066 1219 κατὰ
1089 1161 1218 1241 πέτρας
1240 1162 1295 1236 (an
1318 1158 1362 1224 κὰ
1383 1157 1445 1238 τὰς

319 1251 500 1335 πέτραςῗ);
522 1259 632 1317 nmen
682 1277 689 1290 “

405 1354 437 1428 3)
473 1353 716 1432 κα-βαίνων
743 1348 781 1414 ir.
804 1351 844 1414 38
872 1347 953 1413 nibil
983 1348 1191 1418 dubilationis
1224 1353 1332 1419 habet.
1375 1356 1444 1422 Me·

317 1456 443 1514 moratu
466 1448 597 1531 dignum
614 1454 672 1528 est,
695 1446 781 1529 quod
803 1445 942 1529 simplex
957 1466 1100 1513 consona
1113 1458 1215 1516 metro
1229 1450 1443 1519 confirmatur.

405 1551 437 1622 l)
467 1542 663 1628 κά-βασι·
685 1542 875 1630 κατάβηθι·
898 1542 1076 1624 Λάκωνες,
1098 1547 1208 1629 glossa
1225 1549 1442 1634 Hesychiana,

316 1644 519 1727 apertissime
539 1645 670 1710 brevem
691 1642 939 1726 praepositionis
960 1642 1094 1708 formam
1119 1646 1261 1728 praebet.
1306 1647 1442 1716 Glossae

316 1761 399 1824 quae
414 1741 567 1826 deinceps
581 1748 757 1823 sequuntur
770 1740 990 1824 hesychianac
1003 1749 1078 1807 suut
1092 1745 1235 1827 exceptis
1250 1745 1306 1827 eis,
1326 1747 1443 1829 quibus

316 1860 434 1906 nomen
456 1837 767 1926 alius0grammatioi
788 1837 945 1902 adiicitur.

403 1944 435 2014 5)
478 1935 712 2020 κά·βλημα·
749 1939 987 2018 περίστρωμα·
1023 1934 1202 2016 Λάκωνες.
1241 1939 1442 2008 Schmidtius

317 2035 496 2122 κάβμλημα
514 2034 653 2116 corrigit.
683 2032 770 2097 Sane
785 2032 963 2098 litterarum
978 2035 1078 2100 series
1100 2036 1190 2101 laesa
1204 2045 1253 2103 est
1273 2038 1307 2102 iu
1326 2039 1441 2106 lexico.

316 2137 359 2199 At
380 2153 452 2199 eam
480 2133 598 2215 ubique
625 2129 794 2196 restituere
822 2130 849 2195 si
872 2131 1086 2215 studebimus,
1115 2134 1276 2199 interdum
1305 2135 1441 2204 fortasse

315 2231 528 2314 peccabimus.
577 2228 657 2294 (lum
688 2228 774 2293 enim
805 2229 860 2293 vel
890 2228 1086 2314 Hesychium
1118 2231 1172 2296 vel
1201 2232 1440 2314 Diogenianom

315 2349 357 2395 ex
389 2329 464 2395 aliis
495 2326 728 2410 antiquioribus
762 2326 854 2392 libris
888 2327 991 2392 multa
1022 2328 1230 2412 exscripsisse
1265 2331 1440 2407 (laconicae

314 2447 411 2494 voces
442 2445 513 2492 cum
546 2447 588 2493 ex
606 2427 609 2432 '
624 2426 698 2491 aliis
733 2432 801 2489 tum
833 2443 875 2489 ex
906 2425 1131 2508 Aristophanis
1164 2427 1314 2512 Byzantii
1355 2429 1437 2495 libro

314 2525 487 2609 ,γλῶσσαι
512 2524 730 2598 Macrinam
752 2523 907 2604 sciamus,
930 2523 1196 2590 verisimillimum
1220 2534 1269 2591 est
1290 2546 1346 2592 eos
1367 2545 1439 2592 sae·

313 2625 389 2706 pius
419 2623 500 2689 duas
528 2623 583 2688 vel
614 2621 794 2705 complures
827 2621 970 2704 glossas,
1005 2641 1085 2704 quas
1115 2621 1149 2687 in
1183 2623 1264 2688 libro
1298 2623 1437 2707 quodam

312 2722 505 2787 invenerunt
529 2728 586 2786 aut
607 2739 691 2803 quae
712 2719 856 2785 eiusdem
878 2718 1005 2784 luerunt
1028 2718 1174 2800 dialecti,
1196 2721 1301 2786 lexico
1324 2721 1437 2788 eodem

312 2819 426 2885 ordine
447 2819 621 2884 inseruisse
636 2836 731 2899 quem
752 2817 786 2880 in
809 2837 847 2881 eo
870 2816 961 2896 libro,
985 2837 1047 2898 quo
1068 2817 1158 2883 fonte
1180 2818 1361 2902 utebantur,
1384 2839 1438 2885 ex·

312 2918 478 2983 bibebant.
511 2915 604 2993 Quod
626 2914 755 2996 quidem
777 2913 882 2980 elucet
903 2933 944 2980 ex
965 2915 1131 2980 nonnullis
1152 2915 1248 2980 lexici
1270 2916 1360 2996 locis,
1382 2917 1438 2982 ubi

312 3014 492 3096 complures
513 3010 656 3077 eiusdem
680 3010 809 3112 dialecti
835 3011 964 3094 glossae
992 3013 1025 3077 in
1053 3033 1151 3077 unam
1172 3013 1289 3078 seriem
1310 3033 1438 3097 compo-

312 3110 393 3176 sitae
415 3116 490 3175 sunt
511 3109 579 3186 (cir.
601 3110 764 3175 laconicae
785 3109 965 3192 βειέλοπες
986 3129 1087 3192 usque
1108 3110 1151 3174 ad
1172 3114 1328 3192 βείκατι),
1350 3109 1437 3177 unde

311 3207 453 3290 efficitur,
476 3215 512 3272 ut
526 3219 765 3289 nonnunquam,
788 3206 832 3272 ad
851 3226 946 3289 quam
967 3205 1138 3273 dialectum
1153 3208 1262 3291 glossa
1277 3208 1436 3290 quaedam

309 3307 392 3390 aliis,
415 3306 530 3389 quibus
544 3306 650 3389 gentis
665 3325 781 3371 nomen
795 3303 941 3370 additum
957 3311 1015 3386 est,
1038 3305 1157 3372 inserta
1178 3307 1347 3388 pertineat,
1370 3327 1435 3371 non

309 3405 380 3471 sine
401 3404 511 3486 aliqua
538 3403 766 3487 probabilitate
787 3403 941 3484 colligere
968 3404 1137 3486 possimus.
1182 3402 1226 3468 Ut
1251 3403 1434 3486 exemplum

309 3502 459 3584 afferam,
487 3501 574 3566 cadit
601 3501 683 3566 illud
711 3500 847 3567 fortasse
872 3501 909 3588 „in
934 3501 1077 3583 glossam
1098 3498 1218 3584 βελάς,
1247 3519 1331 3583 quae
1350 3502 1435 3566 inter
1538 3569 1549 3578 ‚

309 3600 472 3666 laconicae
493 3599 619 3681 glossas
639 3600 723 3678 βέλα
745 3606 777 3663 et
798 3599 947 3680 Βελβίνα
969 3598 1087 3664 tradita
1108 3605 1167 3663 est.
1198 3598 1297 3663 Porro
1313 3618 1354 3664 cx
1375 3599 1436 3664 illa

308 3695 555 3775 consuetudine,
578 3715 674 3777 quam
701 3695 799 3781 modo
822 3695 932 3778 attigi,
961 3696 1040 3761 ordo
1068 3697 1245 3761 litterarum
1273 3696 1433 3762 interdum

309 3795 417 3859 laesus
438 3801 544 3876 potest
559 3794 725 3876 explicari.
756 3793 883 3860 Codicis
900 3793 997 3876 igitur
1010 3794 1199 3876 scripturam
1214 3795 1296 3859 tueri
1312 3793 1433 3871 malim,

308 3891 498 3973 praesertim
518 3911 590 3956 cum
611 3892 759 3956 laconica
779 3891 1027 3976 praepositionis
1042 3889 1085 3956 κά
1100 3892 1251 3975 exempla
1264 3890 1330 3957 sint
1350 3911 1434 3956 com·

307 3989 424 4071 pluria.
469 3989 524 4054 Eis
545 3989 643 4054 adiici
664 3995 771 4072 potest

394 4089 426 4160 ot
464 4085 792 4171 κα-τράγσντες·
816 4086 849 4151 οἱ
870 4087 1030 4172 βσάγρσι·
1052 4084 1236 4164 Λάκωνες,
1260 4105 1355 4168 quam
1378 4104 1434 4152 our
