3226 4948
523 457 564 512 De
581 456 718 511 Alcmanis
737 459 833 524 poetae
851 452 975 508 dialecto.
1252 451 1312 513 377

189 635 255 702 illis
278 631 475 718 temporibus
497 629 596 696 luisse
617 635 649 696 ot
670 633 799 713 poetam
815 636 847 696 et
869 628 1032 694 musicum.
1064 630 1209 714 Apparet
1231 628 1316 694 enim

193 733 235 806 od
257 733 341 798 inter
363 730 492 798 vocales
514 727 641 794 mollius
657 734 689 795 et
703 725 746 792 ad
768 725 948 793 canendum
971 727 1078 813 aptius
1100 726 1198 794 tuisse
1221 746 1329 810 quam.

194 830 212 911 ζ
232 831 253 896 i.
276 850 304 896 e.
329 827 385 910 δας
414 849 480 895 non
502 826 608 892 minus
630 825 737 891 cantui
764 825 914 892 subvenit
943 831 1040 911 poeta
1061 824 1261 910 diphthongo
1284 848 1318 889 αι

192 948 250 1016 pro
273 951 299 990 ω
323 927 356 992 in
378 925 465 992 haud
494 943 594 1009 parvo
617 923 844 990 vocabulorum
867 944 998 991 numero
1020 923 1141 1008 posita,
1172 943 1247 988 nam
1270 941 1323 988 se·.

192 1025 298 1093 verior
322 1023 479 1090 dialectos
503 1021 620 1087 Dorica
642 1020 928 1106 diphthongorum,
952 1042 1034 1106 quae
1055 1020 1195 1088 maxime
1217 1021 1319 1086 varie·
1390 1017 1394 1024 ’

193 1129 292 1189 tatem
316 1122 460 1188 afferunt
489 1120 613 1202 cantui,
644 1119 754 1203 inopia
776 1120 918 1201 laborat,
950 1140 1032 1204 quae
1064 1140 1116 1186 res
1140 1119 1319 1202 augebatur

194 1221 353 1288 vocalium
377 1218 512 1286 dilatata
533 1217 803 1305 pronuntiatione,
827 1238 922 1301 quam
945 1225 1070 1285 veteres
1091 1217 1321 1302 vituperabant

196 1315 463 1400 (αλατειασμός).
487 1353 528 1364 -
550 1319 671 1398 Restat,
685 1322 729 1392 ¹ut
750 1335 951 1400 quaeramus,
975 1315 1061 1382 unde
1083 1314 1189 1380 aditus
1211 1321 1319 1380 nostro

195 1424 312 1503 poetae
341 1415 436 1481 tuerit
464 1414 506 1479 ad
528 1415 719 1480 Asianorum
742 1414 923 1480 dialectum.
969 1416 1058 1479 Duas
1081 1413 1257 1479 sententias
1280 1409 1322 1476 de

196 1516 257 1581 hac
279 1535 314 1581 rc
336 1514 477 1598 prolatas
500 1532 571 1580 csse
592 1510 704 1597 video,
728 1512 782 1596 qui
804 1511 956 1578 Lesbium
979 1512 1165 1576 Alcmanem
1189 1509 1321 1588 habent,

196 1613 218 1678 ii
235 1611 324 1677 dubii
347 1630 498 1677 essenon
521 1616 664 1695 possunt,
688 1609 764 1693 quid
779 1609 822 1675 ad
846 1609 930 1676 hanc
950 1608 1168 1692 quaestionem
1193 1627 1323 1692 respon·

199 1711 305 1776 deant.
352 1707 472 1774 Clemm
496 1708 593 1790 igitur
615 1707 698 1774 stud.
722 1709 770 1772 IX
793 1711 854 1772 449
877 1707 938 1772 ait:
976 1707 1132 1785 ,Alcman
1156 1707 1213 1772 bat
1234 1705 1322 1783 aber,

197 1827 265 1874 was
288 1827 364 1872 man
386 1806 439 1873 bei
461 1807 528 1872 ihm
551 1805 672 1872 aolisuh
695 1823 826 1871 nennen
850 1804 934 1887 dari,
962 1793 1020 1871 aus
1043 1802 1233 1871 Kleinasien
1254 1802 1324 1867 mit·

197 1905 384 1988 gebracht.“
422 1905 464 1969 At
481 1905 552 1989 jam
567 1923 665 1986 supra
680 1903 869 1986 monuimus,
893 1903 984 1969 illam
999 1903 1137 1969 virorum
1161 1901 1324 1966 doctorum

198 2003 415 2087 conjecturam
438 2003 532 2069 certis
548 2001 651 2068 causis
674 2020 792 2067 carere.
823 2001 935 2083 ltaque
950 1997 1073 2068 cautius
1094 2000 1172 2065 mihi
1196 1997 1325 2082 quidem

199 2100 327 2166 Abrons
351 2100 516 2184 judicasse
543 2098 679 2180 videtur,
710 2098 763 2181 qui
793 2098 836 2163 ad
858 2099 1039 2183 Terpandrl
1062 2097 1171 2165 Lesbii
1193 2095 1327 2163 auctori-

199 2202 299 2262 tatem
321 2197 501 2263 Aeolismos
530 2196 616 2280 apud
639 2197 828 2262 Alcmanom
858 2197 974 2264 retulit.
1019 2197 1103 2262 Nam
1132 2191 1326 2279 quamquam

200 2291 356 2377 praeclari
379 2294 475 2376 hujus
497 2286 618 2374 musici,
642 2293 696 2376 qui
718 2313 784 2359 non
800 2294 900 2358 multo
915 2301 991 2361 ante
1006 2293 1171 2359 Alcmanis
1187 2299 1326 2359 aetatem

6 2409 8 2480 ,r
131 2477 133 2480 Ι
201 2390 338 2472 Spartae
353 2388 460 2454 floruit
474 2391 654 2472 multosque
670 2389 783 2456 habuit
798 2389 981 2473 discipulos,
1005 2390 1178 2455 dialectum
1196 2395 1327 2473 propter

202 2507 359 2554 summam
388 2485 637 2570 fragmentorum
666 2488 860 2570 paucitatem
889 2496 974 2555 certo
1004 2506 1233 2571 recognoscere
1261 2506 1327 2551 non

202 2605 387 2668 possumus,
417 2590 525 2650 tamen
547 2585 624 2650 licet
645 2585 820 2667 conjicere,
849 2586 883 2650 in
904 2585 1012 2670 lyricis
1039 2584 1233 2651 carminibus
1255 2604 1328 2650 eum

203 2681 308 2768 patria
323 2681 462 2748 dialecto
477 2683 523 2748 ita
544 2702 635 2747 usum
652 2701 732 2763 esse,
755 2688 789 2746 ut
804 2682 890 2746 haud
913 2703 1017 2767 pauca
1032 2703 1072 2749 ex
1088 2682 1249 2767 epicorum
1269 2702 1328 2748 usu

204 2779 410 2863 admisceret,
433 2780 519 2847 unde
534 2781 587 2848 vel
603 2781 636 2845 in
655 2779 824 2864 popularia
838 2780 1001 2845 Laconum
1018 2781 1160 2846 carmina
1174 2779 1327 2846 Aeolismi

204 2877 334 2962 quidam
357 2897 506 2944 manasse
529 2876 686 2957 videntur,
716 2877 812 2959 quale
841 2885 891 2944 est
919 2873 1087 2962 αὐγάσδεο
1110 2877 1145 2942 in
1167 2879 1330 2945 cantilena
1387 2917 1391 2926 ·

199 2997 366 3060 Juvenum.

205 3215 299 3294 §20-
345 3215 402 3279 De
432 3214 572 3297 opicae
601 3212 771 3278 dialecti
794 3212 1036 3281 condicione
1058 3215 1097 3279 in
1120 3214 1331 3280 Alcmanis

577 3373 582 3375 ,
643 3312 900 3395 carminibus.

292 3457 345 3522 Ad
360 3457 491 3523 Homeri
513 3457 722 3525 imitationem
746 3460 806 3527 bas
821 3479 916 3526 voces
938 3459 1137 3526 reduximus:
1162 3457 1330 3523 verborum

208 3555 324 3622 formas
358 3562 485 3639 praeter
518 3576 608 3622 usum
642 3557 863 3639 quotidianum
896 3562 1112 3639 augmento
1145 3561 1332 3622 carentes

209 3655 238 3734 (ξ
253 3656 319 3736 17);
340 3648 360 3738 ἦ
369 3651 389 3716 b·
403 3652 441 3717 lr.
455 3656 494 3719 33
510 3654 716 3720 verisimilem
732 3655 947 3738 conjecturam
962 3673 1020 3738 pro
1035 3651 1179 3718 codicum
1194 3653 1333 3720 lectione

209 3747 265 3835 οὕς
291 3747 462 3838 Ἀρήῑας
490 3771 565 3835 pap.
593 3757 618 3817 1.
643 3754 679 3835 63
710 3749 856 3838 ε’ίαρας
878 3754 915 3818 fr.
939 3755 990 3819 26.
1014 3756 1034 3815 4
1055 3749 1189 3816 formam
1213 3769 1233 3816 a
1254 3771 1332 3816 non·

209 3847 307 3914 nullis
334 3847 368 3914 in
397 3847 630 3916 dubitationem
659 3856 823 3934 vocatam,
854 3850 1121 3933 ααλαμμελὲς
1143 3849 1180 3914 fr.
1208 3853 1241 3932 13
1272 3847 1333 3914 εἱ-

209 3951 312 4027 μένα
334 3944 371 4010 fr.
395 3947 452 4028 963
479 3945 690 4034 βροτήσια
713 3946 749 4012 lr.
773 3951 830 4031 423
860 3944 1099 4033 ἀμβροσίαν
1122 3967 1196 4031 pap.
1221 3950 1250 4012 2.
1274 3951 1332 4032 283

210 4047 470 4130 βωτιανείρῃ
487 4043 524 4109 fr.
541 4049 599 4127 403
619 4040 829 4127 Ἀλκμάων
851 4045 889 4110 fr.
906 4049 962 4130 71;
987 4041 1200 4131 ὥρανίαφι
1223 4045 1260 4110 fr.
1277 4049 1333 4128 593
1464 4115 1467 4126 Ι
