3226 4948
311 451 384 526 356Ι
828 453 921 524 Spiess

309 629 454 694 Lacones
475 617 622 693 vocalem
644 626 870 709 corripiebant,
893 623 942 691 cui
965 624 1011 690 rei
1033 644 1098 689 non
1122 621 1322 702 adversatur,
1355 620 1467 704 quod

310 727 407 792 etiam
429 726 547 808 longae
561 723 683 789 vocalis
698 729 786 789 certa
808 729 882 789 sunt
903 720 1034 804 indicia,
1056 740 1133 787 nam
1150 718 1184 785 in
1206 718 1336 802 linguis,
1361 739 1463 802 quas

309 823 474 890 literarum
498 842 573 888 usus
595 841 660 887 non
686 821 855 902 stabilivit,
886 820 1016 904 saepius
1038 816 1255 884 inconstantia
1276 815 1460 899 quaedam

307 922 458 988 cernitur.
504 921 545 985 Et
567 919 702 984 traditur
725 920 775 984 m.
799 919 841 982 M.
865 920 944 983 327:
980 914 1019 982 τὸ
1048 915 1111 1000 γὰρ
1135 911 1321 979 λακωνικόν
1345 911 1459 980 ἐστιν

308 1015 428 1104 ἀείόην
457 1014 539 1092 (cod.
569 1012 710 1091 ἀείδειν)
745 1009 767 1100 ἢ
795 1011 920 1092 cetea,
956 1013 1042 1097 quod
1070 1013 1175 1096 magis
1201 1011 1279 1077 mihi
1308 1011 1457 1094 quidem

309 1113 821 1198 placetquamPhavorini115
851 1103 946 1177 lectio
975 1109 1014 1176 οὗ
1037 1107 1161 1177 ἄειδεν.
1207 1110 1260 1175 Sic
1287 1110 1457 1192 leguntur

130 1271 135 1281 .
189 1237 190 1240 ¹
309 1211 398 1294 apud
427 1211 615 1300 Alcmenam
645 1207 791 1275 ἀείδει
820 1208 952 1273 ir.1.3
983 1209 1093 1286 (Prisc.
1122 1205 1267 1290 cicadas,
1300 1208 1453 1274 Planud.
1577 1219 1578 1248 ¹

311 1309 379 1378 καὶ,
398 1304 522 1392 ἄειδε);
556 1305 706 1374 ἐσθίεν
734 1306 914 1374 restitutum
944 1313 992 1372 est
1025 1327 1082 1390 pro
1112 1305 1291 1390 depravata
1319 1305 1453 1372 codicis

310 1406 467 1489 scriptura
498 1404 599 1472 ἐ’σθει
629 1403 665 1472 ἐν
694 1406 732 1469 fr.
757 1409 806 1469 76.
851 1403 979 1470 Deinde
1006 1404 1175 1470 verborum
1203 1409 1450 1470 contractorum

310 1503 474 1570 infinitivi:
498 1501 672 1570 ἐπαινὲν
687 1523 762 1586 pap.
772 1506 801 1568 2.
810 1505 840 1584 9,
855 1497 1029 1567 incolis
1044 1501 1077 1564 in
1094 1500 1273 1584 fragmento
1290 1502 1451 1568 Alcmani

311 1601 356 1668 ab'
376 1600 536 1666 Ahrensio
564 1599 727 1667 vindicato
757 1600 869 1683 adesp.
893 1603 934 1664 35
963 1605 995 1664 et
1022 1596 1198 1665 infinitivus
1226 1598 1282 1664 fut.
1305 1599 1415 1682 ναμε
1428 1625 1449 1664 ν

311 1720 386 1784 pap.
412 1703 439 1762 1.
467 1701 503 1762 17
535 1697 710 1764 secundum
739 1698 856 1765 Blassii
884 1696 1098 1763 collationem.
1149 1694 1296 1761 Ceterum
1324 1697 1357 1760 in
1391 1696 1449 1762 his

312 1797 460 1863 omnibus
483 1786 618 1861 metrum
641 1795 736 1860 etiam
762 1797 891 1879 longam
914 1795 1059 1860 vocalem
1082 1792 1232 1858 admittit.

398 1893 562 1977 Correptio
590 1894 712 1959 vocalis
741 1894 859 1976 longae
872 1893 921 1958 ‘in
952 1892 1060 1957 media
1087 1910 1166 1970 voce
1195 1899 1270 1957 ante
1292 1891 1445 1957 vocalem

312 1991 506 2075 conspicitur
528 1991 561 2055 in
586 1986 714 2055 ἆόεᾶν
736 1990 773 2056 fr.
790 1993 840 2071 37,
864 1989 949 2073 quod
972 1989 1093 2054 nonin
1115 1989 1206 2053 libris
1222 1994 1310 2054 extat
1330 1989 1445 2064 (codd.

313 2083 453 2168 ἁδεῖαν),
477 2087 534 2153 sed
558 2093 659 2153 metro
681 2087 869 2169 postulatur.
914 2088 998 2153 Nam
1015 2086 1207 2152 Laconicum
1229 2081 1319 2170 eope
1340 2085 1446 2152 inisse

313 2184 450 2266 videtur,
473 2204 537 2248 non
561 2179 661 2249 ἁδεῖα
684 2183 723 2248 cf.
746 2185 766 2264 ξ
789 2187 818 2248 7.

387 2280 586 2348 Notandum
609 2299 735 2364 quoque
757 2286 815 2363 est,
839 2281 923 2364 quod
946 2281 1052 2364 prisca
1068 2279 1285 2363 diphthongus
1301 2304 1337 2366 ηι
1352 2281 1444 2363 apud

313 2379 501 2444 Alcmenam
528 2378 597 2462 jam
626 2379 659 2445 in
684 2403 715 2444 ει
738 2386 912 2445 extenuata
934 2385 982 2445 est
1010 2379 1043 2443 in
1066 2378 1168 2443 hisce:
1206 2376 1441 2455 πελειάδες

313 2497 389 2562 pap.
413 2480 443 2542 2.
466 2479 524 2560 26,
553 2476 616 2553 nisi
638 2475 780 2558 vulgaris
801 2476 904 2542 forma
925 2495 983 2559 pro
1005 2475 1166 2542 Laconica
1187 2472 1357 2562 πεληάδες
1388 2476 1440 2553 (ci.

313 2575 434 2642 πέλεια
464 2573 497 2638 οἱ
518 2577 665 2659 Δωριεῖς
696 2571 752 2638 διὰ
780 2579 840 2638 τοῦ
864 2598 876 2636 ι
906 2573 978 2656 [leg.
1002 2577 1033 2660 η]
1063 2571 1251 2658 γράφουσιν
1282 2572 1439 2639 Ohoerob.

313 2671 396 2739 Oxx.
412 2673 444 2737 ΙΙ
460 2675 532 2736 253.
552 2675 604 2748 39)
627 2671 733 2754 posita
748 2677 807 2736 est.
846 2663 1050 2751 ἀνδρείων
1073 2671 1124 2734 vel
1147 2667 1312 2754 ἆνόρεΐων
1334 2670 1372 2735 ir.
1388 2674 1440 2737 24.

314 2769 380 2836 Sed
409 2765 562 2854 ἀρήϊος
590 2788 664 2852 pap.
692 2771 760 2832 1.ss
789 2788 853 2832 vox
882 2768 983 2851 spica,
1017 2804 1058 2814 -
1092 2769 1164 2832 Non
1194 2769 1299 2834 minus
1328 2768 1440 2852 opicae

310 2859 454 2933 ¹dialecto
489 2867 621 2933 debetur
650 2861 699 2946 ἠῢ
730 2863 768 2929 ir.
792 2866 831 2928 33
866 2864 947 2943 (cod.
978 2861 1038 2939 οὗ).
1057 2877 1113 2914 ¹-
1145 2865 1270 2939 Novam
1304 2865 1439 2931 formam

314 2963 535 3046 cognoscimus
558 2981 575 3027 e
598 2981 739 3044 papyro,
769 2980 852 3042 quae
879 2968 969 3027 extat
996 2963 1029 3026 in
1058 2961 1161 3028 fronte
1184 2961 1253 3042 ejus
1277 2962 1439 3037 (aloto-

317 3057 486 3143 δεύκης,
511 3061 606 3139 q'uam
628 3057 655 3121 si
670 3076 742 3120 cum
757 3056 898 3138 Bergkic
920 3059 1115 3125 restituimus
1137 3059 1172 3124 fr.
1193 3063 1241 3142 12,
1265 3061 1320 3124 ubi
1341 3066 1440 3128 antea

316 3151 533 3238 Πολυδεύκης
559 3153 735 3236 legebatur,
771 3153 945 3238 simplicior
973 3162 1005 3223 et
1032 3156 1135 3238 magis
1164 3155 1207 3221 ad
1236 3157 1438 3225 Alcmanicae

316 3251 423 3335 poesis
445 3251 587 3317 indolem
608 3251 817 3318 accomodata
839 3251 873 3318 tit
893 3253 984 3319 metri
999 3255 1092 3319 ratio.
1122 3254 1253 3319 Nullum
1270 3257 1437 3340 vestigium

315 3350 437 3416 formae
470 3344 586 3427 πωλύς
618 3348 706 3433 apud
739 3352 842 3418 Dores
874 3351 1045 3432 invenitur,
1083 3350 1140 3418 sed
1174 3359 1310 3435 apparet
1341 3354 1438 3436 longa

315 3448 438 3515 vocalis
459 3447 493 3513 in
515 3467 594 3514 voce
622 3441 798 3525 πώλυποι,
828 3467 923 3531 qnam
946 3468 967 3513 a
988 3447 1095 3526 πολύς
1117 3458 1148 3515 et
1170 3448 1257 3526 πούς
1280 3449 1437 3518 deducere

316 3543 443 3610 dubitat
470 3544 597 3612 Ahrens
626 3543 661 3640 d.=
681 3544 712 3609 d.
735 3545 774 3608 D.
801 3549 858 3611 167
889 3547 1063 3627 immerito,
1094 3547 1128 3610 ni
1156 3546 1267 3631 fallor,
1297 3555 1436 3614 attamen

314 3641 470 3708 incertum
493 3641 628 3724 videtur,
655 3663 731 3708 num
754 3662 796 3708 ex
818 3663 857 3708 ea
878 3643 1030 3726 colligere
1053 3642 1237 3724 debeamus,
1259 3644 1435 3711 Πωλυδεύ-

317 3763 377 3822 κης
399 3740 544 3806 sonuisse
558 3739 699 3806 Pollucis
715 3758 832 3805 nomen
847 3739 934 3823 apud
950 3742 1068 3825 Dorcs3
1091 3762 1167 3806 nam
1182 3761 1223 3808 ex
1241 3741 1281 3808 iis
1303 3744 1435 3826 legibus,

317 3855 398 3917 quas
412 3836 447 3901 in
461 3836 573 3920 lingua
587 3837 712 3903 Graeca
726 3836 867 3903 valuisse
889 3837 1053 3920 hucusque
1070 3839 1287 3921 cognovimus,
1309 3839 1390 3905 illud
1410 3865 1435 3905 ω

236 3931 243 3944 ’
317 3932 472 4014 explicari
493 3954 559 4000 non
580 3940 695 4016 potest.
725 3935 809 3999 Nam
824 3954 1015 4018 quamquam
1031 3953 1050 4000 e
1064 3935 1163 4020 stirpe
1184 3937 1292 4002 πολεο
1313 3946 1439 4021 praeter

318 4027 424 4092 nollo
448 4030 555 4096 novio
578 4032 630 4096 vel
654 4031 750 4095 πωλο
780 4030 988 4114 productione
1010 4033 1209 4117 suppletoria
1230 4035 1305 4099 oriri
1326 4035 1434 4119 potuit,
