3226 4948
287 474 350 537 376
622 497 624 503 ¹
802 475 892 544 Spiess

287 659 351 733 est,
381 651 456 735 quia
485 651 569 716 hanc
597 647 757 733 participii
787 648 919 713 formam
948 647 981 712 in
1009 647 1098 730 puris
1121 647 1251 714 Doridis
1273 647 1446 741 fontibus‘

287 749 431 832 legimus.
461 743 593 830 Majoris
615 746 767 831 ponderis
783 753 840 828 est,
863 746 948 830 quod
964 746 1099 830 optativi
1120 745 1230 812 aoristi
1251 746 1415 830 pleniores

287 846 529 913 terminationes
551 867 632 923 -εια,
659 867 759 922 -ειας,
784 867 870 910 -ειεν
893 844 1048 910 Aeolibus
1071 843 1265 928 tribuuntur3
1297 844 1413 926 legitur·

289 945 375 1010 enim
399 939 650 1008 ordocrcr'iu
671 962 805 1027 papyro,
835 946 936 1007 metro
958 942 1137 1024 probatum,
1164 940 1250 1024 quod
1273 962 1293 1007 a
1315 941 1416 1008 Laoc·

288 1042 362 1106 nica
385 1040 523 1106 dialecto
545 1039 686 1106 alienum
710 1039 807 1121 duco,
831 1038 889 1104 sed
911 1040 995 1104 hanc
1018 1059 1144 1122 quoque
1165 1039 1300 1105 formam
1323 1039 1415 1123 epioa

288 1137 432 1204 carmina
453 1137 615 1204 exhibent.

375 1236 463 1300 Haec
484 1235 596 1314 habes,
622 1233 760 1316 quaein
784 1233 976 1300 alemanicis
998 1234 1186 1318 fragmentis
1207 1235 1340 1301 Aeolica
1362 1233 1414 1300 vel

289 1341 363 1400 sunt
385 1333 437 1398 vel
466 1351 538 1399 esse
559 1331 718 1411 videntur,
748 1331 903 1414 equibus
931 1332 1122 1398 concludere
1152 1331 1321 1416 debemus,
1352 1353 1415 1416 quo
1485 1340 1487 1348 “

289 1431 410 1519 ambitu
432 1437 530 1513 poeta
550 1430 584 1495 in
607 1428 799 1495 carminibus
822 1429 887 1494 suis
906 1429 1095 1496 Lesbiacam
1119 1430 1291 1496 dialectum
1315 1431 1415 1497 admi-

233 1585 238 1595 ,
288 1529 376 1595 serit.
421 1529 494 1592 Non
523 1547 627 1611 pauca
655 1527 814 1608 videntur,
845 1546 928 1609 quae
956 1529 1136 1607 attulimus,
1166 1547 1236 1593 cum
1265 1549 1331 1594 non
1359 1529 1416 1594 ad-

289 1624 419 1692 modum
452 1625 552 1690 multa
585 1625 714 1690 omniuo
748 1624 827 1702 sint,
860 1625 974 1706 quibus
1003 1627 1163 1692 Laconica
1195 1634 1227 1692 ct
1258 1627 1417 1692 Lesbiaca

290 1723 420 1790 dialecti
441 1723 524 1789 inter
546 1741 581 1788 sc
604 1722 769 1801 differant,
799 1721 857 1786 sed
880 1715 1021 1789 hoc'sub
1046 1725 1155 1789 oculos
1177 1722 1278 1806 cadit,
1303 1725 1417 1790 utrius-

289 1840 352 1904 que
375 1819 505 1886 dialeoti
528 1820 561 1885 in
578 1819 772 1886 Alcmanicis
787 1818 974 1901 fragmentis
989 1821 1209 1886 condicionem
1226 1840 1296 1888 esse
1314 1822 1416 1888 diver·

290 1939 369 1984 sam.
399 1917 483 1982 Nam
507 1937 589 2000 quae
611 1918 667 1982 illa
689 1916 787 1983 habet
810 1918 994 2001 peculiaria,
1019 1936 1059 1983 ea
1079 1919 1112 1982 in
1135 1919 1258 2001 majore
1278 1919 1417 1985 vocabu-

290 2017 392 2080 lorum
415 2021 508 2098 parte
523 2014 774 2098 conspiciuntur3
798 2015 974 2079 Lesbiacae
996 2017 1207 2098 proprietates
1222 2016 1289 2083 iore
1305 2031 1416 2084 omnes

290 2133 363 2176 raro
385 2116 554 2194 apparent.
600 2111 744 2191 Accedit,
775 2110 860 2192 quod
877 2112 1037 2194 majorem
1061 2115 1280 2196 exemplorum
1303 2116 1417 2180 allato-

290 2230 360 2274 rum
389 2213 514 2292 partem
542 2227 583 2272 ne
611 2214 696 2273 certo
726 2206 854 2289 quidem
876 2209 1030 2274 Aeolibus
1053 2210 1218 2276 vindicare
1246 2214 1415 2296 potuimus.

227 2313 229 2319 “
291 2308 359 2387 Est,
381 2306 436 2370 ubi
458 2305 634 2370 accuratior
649 2307 793 2388 quaestio
810 2306 962 2388 docuerit,
985 2302 1107 2390 vocem,
1130 2328 1211 2390 quae
1227 2310 1415 2377 Lesbiacam

290 2404 452 2487 quandam
483 2404 621 2485 speciem
650 2423 728 2487 prae
756 2423 791 2470 sc
820 2405 915 2483 ferat,
946 2424 981 2470 re
1009 2425 1087 2470 vera
1114 2407 1155 2471 ab
1185 2409 1245 2472 hac
1278 2408 1415 2475 dialecto

291 2502 432 2568 alienam
448 2520 534 2584 esse;
557 2501 632 2582 alia,
645 2521 731 2594 quae
747 2502 879 2568 Aeolica
894 2502 1010 2568 ducere
1032 2523 1210 2586 possumus,
1230 2525 1295 2570 uon
1311 2507 1416 2572 minus

291 2599 384 2682 opica
399 2606 488 2681 sunt3
512 2599 631 2663 deinde
647 2599 775 2682 saepius
791 2619 839 2680 ea,
863 2619 945 2681 quae
961 2600 1148 2666 Lesbiorum
1164 2621 1235 2668 esse
1257 2623 1414 2685 gramma-

291 2697 346 2762 tici
368 2696 548 2780 porhibent,
572 2697 625 2762 vel
641 2703 787 2761 notarum
810 2697 980 2761 formarum
1003 2698 1155 2780 analogia
1177 2701 1372 2784 comprobat,
1396 2722 1416 2767 a

290 2794 452 2860 Laconica
474 2793 612 2859 dialecto
635 2793 822 2877 abjudicare
845 2813 909 2858 non
932 2795 1002 2860 ausi
1025 2815 1146 2876 sumus,
1176 2817 1250 2862 nam
1273 2818 1416 2881 praeser-

290 2892 348 2956 tim
372 2891 413 2956 de
434 2890 474 2956 iis
496 2891 659 2955 literarum
682 2890 984 2974 permutationibus,
1012 2910 1095 2973 quae
1117 2914 1182 2957 non
1205 2895 1270 2961 late
1292 2903 1414 2978 patent,

291 2988 406 3054 sedin
430 2987 540 3070 paucis
563 2987 753 3067 quibusdam
777 2987 942 3050 vocabulis
965 2987 1113 3067 existunt,
1139 2987 1267 3054 difficile
1288 3001 1337 3058 est
1359 2995 1416 3058 ali·

290 3083 367 3166 quid
390 3083 466 3146 certi
483 3080 598 3147 dicere.
633 3081 755 3159 Quibus
770 3079 981 3146 consideratis
996 3081 1093 3146 valde
1116 3082 1150 3148 fit
1173 3083 1314 3166 dubium,
1338 3111 1415 3154 num

290 3184 418 3264 practer
441 3196 480 3243 ea
501 3175 655 3241 idiomata
677 3178 873 3258 Lesbiorum,
897 3195 981 3259 quae
1002 3179 1054 3243 vel
1076 3180 1109 3244 in
1133 3180 1321 3263 fragmentis
1343 3185 1416 3249 Alc·

291 3274 487 3341 manicorum
509 3274 684 3340 carminum
714 3278 791 3342 satis
814 3275 925 3340 crebro
953 3275 1167 3361 inveniuntur,
1197 3303 1231 3344 οι
1253 3302 1311 3364 pro
1334 3305 1360 3346 ω
1384 3289 1417 3349 et

292 3373 335 3440 σδ
361 3393 420 3457 pro
444 3372 473 3452 ζ,
503 3378 599 3456 poeta
621 3373 778 3440 Lesbiaco
807 3373 935 3438 omniuo
965 3394 1043 3440 suae
1071 3375 1207 3442 dialecto
1238 3377 1416 3447 admiscere

291 3471 440 3538 voluerit.
484 3470 553 3535 Illis
582 3476 689 3536 autem
718 3471 857 3536 Aeolicis
884 3471 985 3537 literis
1013 3475 1139 3538 ornavit
1166 3475 1262 3541 etiam
1297 3476 1416 3544 formas

291 3569 474 3650 ceteroquin
509 3569 684 3634 Laconicas
691 3617 699 3650 ,
740 3574 775 3632 ut
812 3587 877 3635 non
909 3590 1083 3652 numquam
1122 3571 1280 3657 hybridae
1320 3594 1416 3642 voces

291 3671 513 3734 nascerentur:
549 3663 923 3748 oatccoopedoro’,
948 3663 1145 3746 ὅσὸοντα,
1176 3670 1262 3752 quod
1285 3673 1417 3738 Aeolice

290 3762 438 3829 deicere
460 3761 606 3830 sonuisse
627 3761 769 3844 videtur3
799 3787 832 3827 οι
855 3784 913 3848 pro
937 3789 963 3828 ω
985 3765 1070 3830 intra
1094 3767 1331 3852 participiorum
1356 3777 1415 3835 ter·

291 3860 396 3925 minos
424 3859 578 3941 coercuit,
607 3862 634 3927 si
656 3881 719 3944 qua
744 3860 824 3927 fidos
851 3868 899 3927 est
925 3862 1086 3928 codicibus
1114 3865 1241 3930 uostris.
1284 3865 1358 3932 Jam
1387 3865 1413 3932 si

291 3956 482 4040 quaerimus,
506 3976 561 4023 cur
581 3957 662 4024 haec
684 3959 882 4043 potissimum
897 3978 938 4026 ex
954 3960 1110 4026 Lesbiaca
1125 3959 1263 4028 dialecto
1278 3965 1414 4029 Alcman

291 4054 438 4120 insnum
461 4060 552 4121 us'um
575 4056 776 4135 converterit,
799 4057 1034 4140 respiciendum
1057 4065 1120 4141 est,
1150 4059 1288 4125 cundem
1311 4061 1414 4126 virum
