3226 4948
291 1407 490 1491 Quamquam
513 1409 577 1474 iam
600 1407 691 1472 multi
712 1407 798 1490 iique
819 1408 966 1474 homines
981 1407 1155 1474 doctissimi
1171 1409 1331 1490 quomodo

204 1507 237 1570 in
268 1506 373 1590 prisea
400 1506 561 1572 latinitate
589 1525 682 1571 oasus
704 1504 747 1570 ad
776 1491 932 1571 terminos
955 1505 1075 1570 locales
1104 1504 1331 1589 significandos

204 1602 441 1685 adhiberentur,
471 1606 687 1686 exposuerunt
709 1606 807 1684 atque
829 1601 1073 1685 diligentissime
1095 1621 1202 1685 paene
1223 1603 1331 1669 omnia

205 1701 361 1784 exempla,
386 1701 516 1783 quaein
536 1700 663 1784 seriptis
678 1701 893 1764 Romanorum
908 1699 952 1766 ad
971 1701 1054 1766 bano
1070 1719 1136 1765 rem
1159 1701 1330 1782 pertinent,

204 1799 411 1880 collegerunt,
435 1803 542 1862 tamen
560 1817 644 1864 nova
666 1798 854 1880 quaestione
876 1817 960 1881 opus·
979 1804 1042 1879 est,
1068 1797 1142 1880 quia
1163 1797 1229 1863 fere
1250 1818 1330 1862 nuu-

204 1914 309 1978 quam,
332 1903 367 1961 ut
382 1915 513 1961 neeesse
529 1901 606 1976 erat,
629 1895 804 1979 quaesitum
823 1903 872 1960 est
886 1895 1045 1977 quomodo
1061 1914 1191 1960 oasuum
1207 1901 1239 1959 et
1257 1895 1331 1960 sim·

203 1993 332 2077 plinium
363 2000 395 2058 et
422 2012 493 2057 oum
521 1979 760 2077 praepositione
787 1991 1027 2057 coniunctorum
1057 2011 1134 2057 usus
1155 1991 1190 2055 in
1219 1993 1330 2074 lingua

190 2091 305 2169 ¹latina
327 2097 413 2156 ortus
429 2097 523 2158 esset.
555 2091 668 2172 Neque
682 2088 796 2155 suffieit
811 2088 916 2155 redire
932 2088 974 2154 ad
990 2088 1222 2172 antiquissima,
1246 2107 1329 2171 quae

202 2188 330 2270 quidem
353 2187 447 2253 nobis
472 2195 549 2253 nota
571 2195 658 2269 sunt,
682 2180 839 2253 sermonis
859 2187 950 2252 latini
973 2193 1133 2270 tempora,
1158 2186 1214 2252 sed
1238 2185 1331 2268 proli·

203 2283 385 2350 oisoendum
409 2289 457 2349 est
479 2303 499 2348 a
520 2284 686 2367 principiis
702 2284 831 2367 syntaxi
853 2284 1076 2368 comparativa
1095 2284 1285 2350 constitutis.

288 2381 523 2446 Delbrueekius
539 2381 623 2445 enim
647 2380 766 2462 primus
788 2381 821 2444 in
843 2381 900 2445 illo
923 2380 1014 2459 libro,
1037 2399 1099 2460 quo
1119 2381 1188 2463 'egit
1211 2380 1251 2446 de
1274 2382 1331 2447 ab·

202 2478 317 2559 latire,
348 2476 453 2558 locali,
476 2477 712 2543 instrumentali
735 2477 783 2554 (B.
808 2477 986 2542 Delbrtlolr:
1024 2475 1167 2557 Ablativ,
1189 2478 1327 2559 Loealis,

201 2574 459 2642 Instrumentalis
487 2575 530 2638 im
557 2573 795 2654 Altindisoben,
825 2572 1068 2652 Lateinisoben‚
1098 2572 1329 2641 Grieobisobeu

201 2671 267 2737 und
291 2671 485 2754 Deutsohen,
512 2671 620 2736 Berlin
647 2674 740 2749 1867)
764 2670 1012 2752 demonstravit,
1041 2670 1094 2751 qui
1117 2689 1192 2736 usus
1215 2671 1327 2737 borum

201 2789 332 2835 casuum
355 2769 388 2834 in
410 2767 522 2852 lingua
543 2767 806 2850 indegermanioa
827 2767 930 2850 luerit,
954 2773 989 2831 ut
1005 2786 1090 2832 nuno
1104 2766 1233 2848 quidem
1250 2769 1327 2836 satis

200 2865 357 2950 explioari
379 2866 494 2949 possit,
524 2865 638 2948 quibus
666 2865 761 2930 rebus
789 2866 910 2931 latinae
938 2865 1069 2946 linguae
1098 2861 1173 2930 usus
1199 2865 1241 2930 ab
1269 2866 1326 2932 illo

201 2963 338 3030 differat.
383 2965 424 3028 Et
447 2963 681 3030 Delbrueokius
703 2962 832 3046 quidem
855 2962 889 3026 in
912 2982 1009 3026 unam
1038 2965 1162 3026 tantum
1185 2963 1355 3030 omnium
1417 2967 1423 2980 '
1494 2960 1497 2968 ‘

146 3085 147 3090 ¹
202 3060 409 3127 dialeotorum
432 3060 626 3143 italicarum,
653 3059 804 3143 latinam,
833 3058 1007 3143 inquisivit.
1051 3059 1117 3126 Sed
1139 3079 1211 3126 oum
1234 3081 1326 3130 oasus

8 3151 9 3160 ’
127 3193 138 3210 1
200 3159 234 3222 in
256 3159 369 3240 lingua
390 3177 465 3223 osea
482 3165 520 3252 et
541 3159 684 3224 umbrioa
707 3164 740 3225 et
760 3159 854 3224 aliter
874 3157 1001 3223 formati
1024 3163 1056 3224 et
1076 3157 1171 3224 aliter
1192 3159 1275 3226 inter
1290 3180 1326 3228 se

200 3254 363 3320 eommixti
385 3254 449 3318 sint
472 3261 569 3338 atque
590 3255 625 3320 in
647 3256 759 3340 lingua
780 3256 891 3338 latino,
915 3256 1011 3322 etiam
1031 3277 1106 3322 usus
1129 3276 1237 3322 eorum
1260 3279 1324 3324 non

200 3371 329 3435 prorsus
344 3349 429 3416 idem
446 3356 504 3417 est.
543 3351 638 3418 (ladit
659 3354 720 3420 boo
742 3355 882 3420 maxime
903 3353 936 3418 in
959 3353 1147 3435 ablativum,
1170 3354 1221 3419 oui
1243 3361 1325 3421 trao-

200 3447 299 3514 tando
329 3467 458 3531 operam
488 3448 535 3514 ita
563 3451 768 3532 manebimus,
803 3457 838 3516 ut
863 3469 1069 3534 quaeramus,
1104 3451 1263 3533 quomodo
1290 3453 1324 3517 in

198 3546 318 3629 linguis
346 3545 463 3611 italiois
492 3547 543 3612 bio
572 3567 664 3614 oasus
693 3547 734 3613 ad
765 3547 916 3614 terminos
948 3547 1068 3612 loooles
1097 3545 1324 3630 signifioandos

199 3643 362 3710 adbibitus
384 3643 439 3726 sit,
469 3663 533 3727 qua
554 3645 587 3708 in
611 3645 799 3727 quaestione
827 3644 1026 3730 potissimum
1049 3643 1180 3727 linguae
1201 3645 1323 3714 latinae

165 3745 178 3776 ·’
199 3742 281 3808 ratio
303 3740 484 3806 habebitur.

285 3838 424 3904 Primum
448 3838 577 3921 quidem
601 3839 739 3906 breviter
756 3839 798 3906 de
813 3840 949 3906 ablativi
969 3838 1072 3904 lorma
1094 3838 1322 3923 disputandum

199 3938 268 4002 erit.
298 3971 340 3982 -
368 3935 501 4001 Constat
528 3937 612 4002 inter
635 3956 746 4002 omnes
767 3937 801 4002 in
832 3938 942 4020 lingua
964 3937 1074 4002 italiea
1095 3937 1175 4002 siout
1196 3939 1229 4004 in
1252 3961 1323 4006 sau·

197 4034 324 4099 soritioa
346 4033 491 4117 primitus
514 4039 585 4099 ooto
608 4053 701 4101 eosus
723 4034 838 4116 luisse,
868 4034 956 4101 euius
978 4035 1106 4118 copiae,
1131 4055 1324 4120 quamquam

250 4132 350 4176 Cunnrus
363 4146 384 4176 n.
398 4135 521 4184 Bnuouun.
539 4134 632 4177 Studien
646 4135 670 4177 x.
1085 4139 1117 4188 25
