3226 4948
159 503 165 518 x
263 448 306 500 De
324 447 436 502 ablativi
453 448 481 500 in
498 445 635 500 veteribus
652 445 752 514 linguis
770 445 869 502 italicis
887 445 974 500 forma
992 451 1019 502 et
1037 463 1089 504 usu
1105 449 1195 502 locali.
1231 448 1291 507 405

168 620 249 685 dens
278 617 472 700 auspicabor)
505 617 561 699 VI,
584 639 615 699 a,
642 623 689 684 lo.
740 617 942 698 Inquiramus
972 623 1078 682 autem
1110 618 1143 682 in
1172 619 1295 701 aliquot

168 717 249 781 alios
272 717 375 792 locos,
399 714 558 797 quomodo
581 733 617 780 se
639 714 790 782 babeant.
835 716 873 780 In
895 714 961 780 tab.
985 716 1037 795 VI,
1060 714 1092 796 b,
1117 719 1154 778 51
1180 715 1295 778 combi-

159 812 245 898 fiatn
273 811 387 896 capelo
416 813 534 875 coiecta
563 813 757 895 (auspicator
784 810 829 876 ad
858 811 915 889 (in)
945 812 1079 894 vapides
1108 812 1294 886 avieculos).

169 909 269 977 Vides
291 910 353 974 hoc
375 929 455 992 opus
478 911 582 986 locum
606 909 767 992 quendam
790 928 901 974 versus
916 908 994 976 fieri.
1027 908 1151 976 Eadem
1167 909 1296 976 dicendi

168 1007 250 1073 ratio
271 1012 422 1089 apparet:
450 1017 501 1068 tro
523 1004 622 1070 Saltu
644 1005 797 1091 tupifioia
819 1011 921 1080 (trans
944 1007 1078 1073 Sahtam
1100 1007 1295 1090 auspicatur)

168 1107 193 1186 Ι,
217 1105 249 1187 b,
273 1108 329 1186 353
352 1103 496 1187 copelata
519 1102 678 1186 coielcluse
698 1102 851 1188 loupifioio
872 1104 898 1184 Ι,
920 1105 954 1185 b,
978 1109 1026 1168 14.
1070 1102 1165 1186 Quid,
1187 1123 1297 1170 nonne

168 1211 217 1269 est
239 1201 307 1267 veri
322 1201 425 1268 simile
440 1207 554 1267 nostro
564 1201 635 1266 loco
651 1199 762 1267 sedem
777 1199 946 1283 nominari,
970 1221 1011 1267 ex
1026 1221 1089 1284 qua
1104 1201 1175 1283 quis
1190 1201 1297 1284 auspi-

169 1299 234 1365 cari
251 1297 378 1380 debeat,
401 1305 436 1364 ut
458 1298 503 1364 sic
518 1304 756 1365 convertamus:
780 1296 1025 1371 atoberaaculo,
1049 1299 1166 1371 sedeas,
1192 1300 1297 1382 cuspi-

139 1475 143 1489 .
170 1408 260 1461 ector
286 1397 355 1463 sive
377 1395 415 1458 at
438 1389 604 1479 aedificata
625 1395 699 1458 sede
721 1396 922 1486 auspicatur,
947 1394 1033 1478 quod
1061 1395 1170 1462 verbis
1199 1401 1297 1478 atque

169 1494 280 1562 sensui
302 1513 368 1558 non
390 1498 558 1576 repugnat.

257 1596 288 1667 4)
310 1589 443 1653 eratum
457 1611 515 1653 oea
530 1599 615 1653 eluta
639 1588 766 1667 (eadem
781 1591 836 1654 via
852 1595 958 1672 cnuto,
981 1588 1125 1672 Buech.)
1148 1590 1174 1671 Ι,
1191 1590 1223 1671 b,
1241 1593 1297 1674 233

171 1688 308 1755 eundem
339 1705 468 1753 sensum
495 1687 602 1753 verbis
632 1686 761 1770 crosent
781 1690 832 1750 oia
855 1697 940 1749 etutu
969 1686 1125 1753 contineri
1151 1693 1298 1771 apparet,

171 1806 270 1869 quare
283 1783 399 1850 *Breali
428 1784 650 1868 interpretatio
680 1784 803 1847 eosdem
825 1785 892 1846 cios
914 1793 1007 1847 enam
1034 1784 1141 1868 placet
1162 1784 1299 1852 fortasse
1326 1825 1330 1830 =
1395 1851 1399 1869 ,

170 1882 336 1948 nonnullis
358 1880 545 1964 putantibus
568 1902 608 1948 ex
630 1881 739 1948 formis
762 1901 845 1964 quae
867 1888 941 1948 suut
963 1880 1110 1964 eras-ont
1129 1881 1211 1963 oecos
1226 1881 1300 1946 con·

171 1985 338 2046 sonantem
353 1978 387 2062 s
402 1976 577 2062 excidisse3
601 1997 683 2062 quae
705 1979 813 2063 opinio
836 1978 1039 2045 confirmatur
1054 1998 1102 2061 eo,
1126 1978 1212 2061 quod
1235 1987 1300 2052 cat,

171 2076 249 2139 bont
268 2077 310 2143 ab
326 2077 425 2143 verbo
440 2075 560 2141 tontole
574 2077 630 2141 vix
646 2074 784 2160 disiungi
807 2084 922 2160 potest.
951 2077 1020 2144 Nec
1035 2077 1143 2160 placet
1156 2074 1300 2142 Bueche-

170 2174 232 2240 leri
247 2173 408 2239 sententia
423 2184 486 2247 ont,
510 2173 586 2236 boot
602 2193 643 2239 ex
657 2173 738 2257 sont
759 2182 828 2252 (era
842 2209 884 2220 —
898 2173 978 2252 font)
1000 2181 1104 2240 ortum
1120 2193 1201 2257 esse,
1225 2173 1301 2256 quia

170 2270 262 2335 initio
286 2269 415 2352 quidem
437 2271 525 2336 vocis
548 2269 710 2335 ambricae
736 2277 950 2337 consonantes
973 2271 1073 2359 deleri
1096 2291 1162 2337 non
1185 2270 1301 2337 solent.
1424 2263 1427 2268 ’

173 2363 328 2434 Ceterum
352 2366 477 2431 etiamsi
499 2366 574 2430 illos
596 2384 689 2430 casus
716 2366 877 2432 ablativos
905 2386 976 2432 esse
1002 2372 1229 2446 statueremus,
1261 2387 1302 2432 ea

172 2484 207 2532 re
229 2463 645 2545 nequaquam'probaretnr
666 2461 842 2527 ablativum
865 2463 906 2527 ab
921 2462 1207 2528 Umbris-locativi
1229 2463 1300 2528 loco

173 2560 312 2645 positum
328 2579 407 2626 esse.
439 2559 546 2625 Potuit
560 2557 646 2624 enim
667 2557 720 2622 bic
742 2558 902 2625 ablativus
924 2579 966 2625 ex
988 2579 1025 2625 eo
1047 2560 1301 2627 instrumentalis
1382 2567 1386 2570 ’

174 2677 268 2724 casus
291 2677 349 2722 usu
372 2655 485 2738 fluere,
515 2676 577 2738 quo
600 2653 755 2738 spatium,
779 2674 914 2737 quocum
936 2655 1013 2739 qnid
1036 2657 1201 2737 cohaeret,
1232 2654 1302 2723 sive

173 2755 277 2835 viam,
312 2773 375 2836 qua
398 2753 468 2835 quis
497 2751 715 2835 proficiscitur,
744 2751 902 2835 significat
930 2760 978 2833 (ut
1000 2754 1083 2836 iugis
1109 2751 1301 2835 Octogesam

174 2852 368 2938 perveniret,
391 2849 507 2924 Caes).
1002 2861 1006 2866 '

260 2949 334 3014 Non
356 2947 460 3030 magis
482 2946 521 3012 iis
545 2945 653 3013 verbis
675 2965 758 3028 quae
779 2946 887 3028 tabl,
907 2945 939 3026 b,
956 2947 996 3009 48
1018 2944 1155 3028 legimus
1177 2945 1304 3009 orabant

174 3047 304 3109 tuderus
326 3046 372 3120 (in
395 3044 508 3111 iisdem
531 3043 659 3123 finibus)
682 3043 842 3111 sententia
863 3061 936 3108 mea
957 3041 1123 3126 refellitur,
1149 3044 1302 3128 quonia'm

174 3142 336 3207 ablativus
364 3141 499 3223 pluralis
528 3142 652 3208 numeri
681 3162 722 3208 cx
745 3141 888 3206 ablativo
917 3147 949 3206 et
976 3141 1116 3206 locativo
1138 3140 1327 3210 confluxit.)

260 3227 413 3303 Fortasse
426 3237 505 3302 mihi
519 3237 637 3318 aliquis
653 3237 781 3303 obiiciet
796 3256 833 3300 oo
849 3235 945 3313 (tum)
960 3237 1242 3321 praepositionem,
1258 3239 1301 3302 ab

176 3334 306 3402 Umbris
317 3334 520 3399 substantivo
536 3353 671 3415 quocum
686 3335 838 3401 cohaeret
853 3352 980 3417 semper
996 3335 1207 3417 postpositam
1219 3340 1251 3399 et
1262 3353 1302 3399 ea

176 3433 243 3499 fere
264 3435 425 3515 potestate
439 3450 533 3512 quam
549 3431 649 3497 habet
670 3431 804 3496 latinum
821 3431 864 3493 od
884 3429 1073 3514 praeditam,
1096 3451 1161 3496 non
1177 3436 1302 3495 tantum

176 3549 247 3608 cum
269 3527 404 3612 pluralis
426 3527 484 3593 sed
507 3527 604 3593 etiam
626 3547 698 3593 oum
715 3526 888 3611 singularis
910 3529 1034 3593 numeri
1055 3525 1208 3592 ablativis
1229 3546 1303 3592 con·

175 3626 265 3709 iungi
287 3626 321 3689 in
343 3623 395 3689 his
418 3625 575 3708 exemplis
597 3623 743 3688 destruoo
767 3626 862 3708 perci
888 3624 942 3700 (ad
965 3624 1132 3690 dexteram
1154 3627 1301 3707 postem),
1414 3657 1418 3666 ·
1531 3639 1534 3647 ¹

177 3722 331 3787 volutam
353 3719 450 3784 Juoiu
473 3722 530 3800 (ad
551 3721 666 3788 aedem
681 3721 827 3798 lovium).
858 3721 924 3787 Sed
941 3719 1138 3805 intellegitur
1159 3721 1212 3785 hic
1227 3741 1303 3787 usus

177 3841 218 3888 ex
236 3817 485 3905 praepositionis
495 3818 568 3882 tum
579 3822 643 3898 (oo)
663 3825 788 3902 natura,
803 3818 922 3903 qnippe
935 3838 1018 3902 quae
1029 3817 1187 3901 significet
1200 3838 1304 3902 prope

178 3919 221 3980 od
241 3924 337 3999 atque
359 3914 505 3983 similiter
526 3914 719 3982 adhibeatur
740 3935 779 3982 ac
800 3916 929 3978 oesimei
949 3916 1116 4000 (proxime)
1140 3914 1160 3978 i.
1180 3934 1207 3981 e.
1231 3934 1314 3980 cnm.

177 4014 320 4081 ablativo
343 4015 473 4076 aesimei
492 4035 548 4077 aaa
570 4013 677 4076 deceta
700 4020 866 4097 (proxume
888 4012 930 4078 ab
952 4033 1010 4078 ara
1032 4011 1117 4090 dev.)
1140 4013 1194 4096 Vl,
1218 4031 1247 4093 a,
1272 4015 1302 4094 9,
