3194 4936
584 480 708 536 Schedae
725 459 923 550 grammaticae
1241 499 1244 502 ·
1277 481 1320 542 69

191 652 346 720 contracti
368 659 443 717 sunt
464 658 560 735 atque
582 652 625 725 ad
648 652 808 720 adiectiva
830 650 923 735 ἐμός,
947 652 1008 730 σός
1030 674 1096 719 non
1118 653 1224 722 minus
1246 676 1318 740 pcr-

190 753 294 818 tinent
309 769 404 832 quam
427 749 520 814 latini
542 749 741 833 pronominis
762 749 941 834 personalis
963 752 1106 835 genetivi
1121 755 1190 826 mei,
1215 755 1263 816 toi
1275 752 1319 818 ad

191 848 408 916 nominativos
429 867 523 920 mens,
547 857 619 911 tnnc
641 847 709 926 (cfr.
731 849 842 922 nostri,
866 849 985 925 nosci).

276 944 378 1010 Plane
393 944 461 1010 alio
473 944 569 1011 modo
588 944 754 1011 Doridis
769 944 939 1028 formae,
962 965 1094 1028 quarum
1110 968 1176 1015 non
1197 968 1321 1032 paucae

62 1077 63 1080 ¹
189 1042 417 1110 insolentiores
438 1048 536 1125 atque
559 1050 736 1109 memoratu
759 1042 921 1128 digniores
944 1050 1082 1124 exstant,
1106 1044 1322 1129 explicandae

190 1146 273 1208 suut.
308 1139 389 1206 Sunt
406 1147 513 1205 autem
535 1141 613 1206 hae:
636 1138 780 1222 ἓμοῦς,
804 1139 921 1224 ἐμεῦ,
944 1138 1057 1224 into,
1080 1140 1228 1224 ἒμίως,
1251 1166 1319 1208 ce-

192 1243 281 1320 οῦς,
313 1242 401 1314 τεῦ,
434 1240 540 1315 τίος,
573 1242 692 1315 τέως,
723 1243 799 1304 τίω
829 1238 918 1313 (Aur.
942 1239 984 1323 II,
1014 1243 1099 1315 248).
1144 1240 1251 1322 Atque
1278 1239 1322 1306 de

192 1332 316 1416 origine
350 1353 458 1400 eorum
491 1353 564 1399 mea
595 1333 724 1416 quidem
757 1335 919 1402 sententia
951 1336 1175 1404 Schleichems
1207 1358 1320 1421 pamm

192 1431 305 1497 dextre
329 1431 493 1513 exposuit,
524 1431 633 1512 quiin
656 1431 785 1515 Gomp.3
812 1453 843 1516 p.
868 1437 930 1498 632
960 1434 1006 1498 ait
1034 1435 1133 1510 „dass
1155 1435 1203 1500 sie
1224 1436 1321 1500 noch·

146 1552 151 1556 ·
190 1529 273 1594 mals
297 1527 356 1593 das
371 1527 542 1594 ueneno-s
563 1547 606 1592 an
624 1527 678 1592 die
696 1529 783 1597 alten
798 1529 956 1596 Genetive
977 1530 1106 1614 fugent.
1136 1531 1320 1598 Schleiche-

190 1645 261 1691 rum
283 1645 355 1690 cnm
377 1623 432 1690 alii
456 1631 524 1690 tum
539 1624 739 1708 Brugmanus
761 1633 888 1694 secutus
910 1633 959 1693 est
980 1627 1014 1692 in
1037 1626 1161 1694 dissert.
1185 1627 1320 1712 depro-

191 1722 275 1789 duct
307 1721 445 1806 supplet.
477 1721 580 1799 (Stnd.
609 1722 656 1787 IV
685 1725 833 1807 p.185),
865 1723 928 1790 nisi
961 1723 1047 1806 quod
1080 1725 1320 1808 pronominales

104 1847 105 1850 ¹
190 1819 307 1904 stirpes
329 1819 574 1886 consonantium
596 1819 823 1886 terminatione
837 1839 889 1883 -or
904 1840 975 1886 esse
990 1821 1123 1888 affectas
1145 1820 1319 1905 profitetur.

190 1916 234 1982 At
255 1915 400 1998 cognatis
422 1916 541 2000 linguis
555 1918 590 1982 in
608 1917 882 2001 comparationem
904 1917 1059 1984 adhibitis
1081 1919 1218 1986 fortasse
1239 1920 1320 1986 haec

191 2035 273 2098 quae
299 2015 442 2097 sequitur
463 2013 638 2098 explicatio
667 2034 732 2080 uon
754 2015 857 2081 solum
887 2015 1001 2100 aptior,
1032 2016 1090 2082 sed
1120 2017 1218 2083 etiam
1246 2016 1320 2083 sim·

190 2112 304 2197 plicior
326 2130 398 2178 esse
419 2109 591 2178 videbitur.

276 2209 383 2294 Supra
414 2210 662 2276 commemoravi
695 2229 737 2276 ex
775 2211 974 2292 pronominis
1012 2211 1186 2296 possessivi
1219 2212 1319 2298 stirpe

190 2325 292 2370 mama
325 2306 503 2372 ablativum
524 2305 792 2390 'pronominalem
819 2307 853 2372 in
881 2307 982 2374 Vedis
1009 2320 1125 2372 mamni
1148 2309 1318 2380 formatum

191 2423 262 2468 esse
290 2402 333 2468 ad
362 2403 605 2470 similitudinem
633 2404 855 2486 genetivorum
884 2414 999 2479 samm,
1025 2406 1137 2489 jorot,
1163 2407 1318 2491 jostmat.

191 2499 260 2566 Nee
281 2499 388 2564 minus
409 2499 443 2564 in
465 2501 577 2582 lingua
591 2499 725 2565 zendica
739 2500 892 2565 adiectivi
913 2501 995 2564 tlon
1016 2504 1179 2568 ablativus
1201 2502 1319 2566 thwet-

190 2599 255 2675 mdp
281 2594 443 2662 interdum
471 2616 530 2680 pro
559 2595 774 2679 pronominali
802 2605 868 2674 loct
903 2596 1030 2679 legitur.
1081 2599 1319 2680 Antiquissimis

190 2699 299 2759 autem
321 2693 517 2776 temporibus
538 2693 567 2760 is
589 2713 659 2760 mos
680 2692 808 2760 videtur
829 2691 938 2777 luisse,
961 2699 996 2759 ut
1016 2695 1242 2778 pronominum
1264 2695 1320 2761 ab·

191 2789 284 2855 lativi
304 2795 362 2855 aut
382 2790 474 2858 brevi
495 2789 609 2857 suffixo
640 2790 707 2868 (cfr.
729 2799 860 2862 mancat,
884 2799 1000 2863 namot,
1023 2790 1135 2874 javat,
1161 2791 1318 2876 jactaret)

190 2894 246 2954 ant
267 2889 364 2970 longo
380 2888 452 2966 (cfr.
461 2887 593 2974 joamdt,
618 2891 743 2964 tosrndtl
764 2893 937 2954 uterentur.
967 2886 1071 2967 Quem
1085 2907 1206 2954 morem
1222 2889 1319 2954 etiam

191 2985 226 3052 in
247 3007 365 3070 graeca
386 2987 498 3070 lingua
519 2986 731 3068 agnoscimus.
776 2986 847 3051 Iam
876 2984 1001 3070 pridem
1024 2985 1109 3052 euim
1131 2985 1170 3052 G.
1193 2985 1319 3053 Curtius

189 3085 224 3149 iu
252 3085 333 3150 Mus.
362 3085 466 3151 Rhen.
500 3087 579 3149 1845
609 3105 642 3167 p.
665 3087 726 3148 249
758 3084 894 3168 (Erymo
922 3102 953 3164 p.
977 3085 1052 3163 582)
1081 3073 1182 3170 ἦμος,
1211 3089 1318 3170 τῆμος

189 3188 333 3250 vetustos
356 3201 427 3250 esse
448 3180 608 3248 ablativos
631 3187 680 3248 est
694 3184 945 3264 argumentatus.
983 3178 1062 3245 Oum
1084 3181 1172 3246 hisce
1194 3182 1319 3263 graecis

189 3279 300 3346 formis
322 3279 546 3362 cognationem
570 3278 732 3362 quandam
754 3277 876 3342 habeut
898 3276 1075 3343 sanseritae
1092 3277 1230 3364 josmdt,
1255 3286 1318 3340 tos·
1410 3285 1413 3292 '

191 3378 271 3449 mot,
301 3374 364 3441 nisi
384 3373 471 3456 quod
497 3375 560 3441 hae
588 3376 686 3456 longo
707 3372 821 3440 suffixo
843 3372 1073 3438 adiectivorum
1096 3374 1148 3440 vel
1172 3374 1320 3440 substan·
1358 3361 1362 3370 ’

191 3473 330 3539 tivomm
351 3489 439 3535 more
461 3469 616 3536 formatae
634 3477 719 3552 sunt,
742 3490 812 3536 oum
834 3489 971 3554 graecae
992 3470 1034 3536 ab
1056 3468 1204 3554 *joanna
1228 3468 1318 3534 *tos-

191 3579 257 3635 mct
285 3569 353 3648 (cfr.
376 3578 477 3630 namot
504 3567 633 3651 aliaque
661 3567 696 3633 id
723 3575 837 3652 genus)
868 3572 981 3651 aperte
1009 3566 1164 3650 originem
1188 3567 1317 3633 ducant.

191 3669 290 3735 Porro
311 3665 346 3732 in
367 3665 433 3732 alia
455 3685 581 3749 quoque
602 3665 705 3732 torma
726 3665 883 3732 sanserita
905 3670 938 3730 et
962 3682 1080 3747 graeca
1101 3663 1212 3748 lingua
1233 3665 1318 3731 inter

191 3785 264 3833 sese
285 3763 481 3847 conspirant.
525 3762 764 3829 Homerioorum
787 3763 873 3830 enim
895 3761 1071 3828 carminum
1093 3754 1165 3847 ἧος,
1191 3781 1233 3829 ex
1254 3781 1317 3844 quo
1437 3769 1441 3772 ’

190 3884 250 3948 per
271 3861 432 3928 vocalium
453 3859 858 3944 quantitatismetatbesin
881 3857 946 3935 ἕως
967 3857 1071 3922 forma
1092 3857 1220 3942 prodiit,
1252 3879 1318 3924 uua

193 3960 370 4043 eademque
391 3958 493 4024 forma
516 3962 565 4024 est
586 3975 625 4022 ac
639 3975 759 4022 sanscr.
773 3955 878 4039 jocor,
901 3953 951 4019 nd.
964 3969 1070 4038 pocot.
1101 3954 1205 4021 Simili
1219 3955 1316 4020 modo

192 4078 234 4126 cx
247 4061 344 4132 ticet,
368 4054 452 4140 quod
467 4052 626 4122 sanserita
646 4053 759 4136 lingua
773 4052 915 4134 exbibet,
937 4069 1087 4134 graccum
1102 4048 1189 4130 τέως
1204 4058 1316 4120 natum
