3208 4928
304 476 365 536 310
687 555 697 576 δ
800 478 933 532 Schrader

387 651 501 716 Paullo
524 650 617 715 aliter
638 668 690 714 res
712 649 745 714 in
767 649 901 716 latina
921 651 1066 732 lingua
1087 668 1159 715 sese
1181 649 1302 714 babuit.
1336 649 1374 714 In
1390 669 1436 715 ea

301 750 406 828 enim,
436 767 508 813 cum
537 765 641 829 neque
670 747 891 814 coniunctivus
917 749 1062 813 vocalem
1085 768 1102 809 e
1124 747 1278 812 exhibeat
1300 753 1332 812 et
1356 767 1434 812 raro

304 847 443 914 studium
476 843 557 909 illud
590 842 749 908 vocalium
780 845 1004 911 concinnitatis
1036 845 1174 928 perspici
1191 845 1324 926 possit,
1357 844 1434 910 sine

304 943 401 1010 dubio
436 941 588 1026 spirantis
619 941 765 1018 (vocalis)
787 941 812 1025 j
838 945 875 1020 (i)
908 943 1052 1007 vocalem
1086 926 1306 1008 antecedeniis
1342 942 1375 1005 vi
1404 946 1429 1004 ᾶ

301 1043 336 1105 in
359 1053 373 1104 e
395 1046 549 1105 mutatum
572 1043 630 1103 est.
670 1036 759 1103 ldem
782 1040 866 1104 enim
890 1060 961 1104 cum
983 1039 1060 1105 alibi
1082 1046 1149 1104 tum
1172 1039 1311 1105 maxime
1331 1039 1365 1104 in
1389 1039 1431 1104 V.

303 1138 384 1204 decl.
408 1135 574 1201 vocabulis
596 1135 712 1200 factum
737 1138 851 1202 estate
867 1157 907 1202 ex
921 1137 952 1200 id
975 1138 1013 1201 cf.
1030 1136 1173 1200 locarier
1189 1156 1230 1202 ex
1245 1135 1430 1202 *lucarias

387 1233 510 1315 Quodsi
524 1251 600 1298 vero
617 1232 687 1314 quis
710 1233 828 1298 similia
844 1235 877 1298 in
892 1253 1009 1316 graeca
1032 1235 1143 1316 lingua
1157 1232 1312 1299 accidisse
1328 1234 1431 1316 suspi-

304 1340 393 1398 catus
416 1332 473 1412 sit,
502 1330 684 1396 meminerit
711 1322 809 1394 velim
838 1324 1003 1396 atticorum
1027 1331 1297 1398 substantivorum
1319 1332 1352 1396 in
1375 1335 1432 1395 -ία

302 1435 433 1515 (σοφία,
456 1433 586 1510 μανία),
615 1447 691 1492 nam
713 1427 800 1510 apud
823 1429 965 1495 Graecos
979 1431 1123 1495 vocalem
1147 1433 1168 1492 ᾶ
1188 1429 1296 1494 littera
1312 1452 1323 1492 ι
1339 1435 1431 1493 ante-

302 1529 438 1593 cedente
453 1535 529 1590 'non
559 1527 661 1591 solum
691 1544 755 1589 non
787 1526 902 1591 mutari
931 1546 1041 1592 verum
1075 1529 1170 1592 etiam
1204 1528 1324 1592 servari
1357 1527 1431 1592 lnce

304 1625 423 1690 clarius
445 1631 589 1707 apparet.

388 1723 508 1801 Restat,
531 1729 566 1786 ut
587 1721 629 1787 de
644 1722 762 1788 aoristo
784 1739 869 1805 pass.
885 1721 919 1784 in
942 1726 1038 1806 -θην,
1062 1717 1244 1808 ἐφιλήθην,
1270 1719 1428 1804 ἐβουλεύ-

302 1825 371 1906 θην
387 1824 447 1885 oto.
470 1838 574 1901 pauca
595 1821 695 1885 verba
709 1818 876 1884 addamus.
907 1817 987 1882 Oum
1008 1825 1116 1884 tamen
1131 1819 1195 1883 iam
1210 1839 1308 1902 supra
1329 1819 1431 1882 moni·

302 1922 368 1980 tum
392 1916 450 1996 sit,
473 1935 545 1982 eum
567 1935 638 1982 cum
660 1914 730 1981 rad.
754 1915 825 1989 dtu,
853 1921 898 1980 θα
921 1915 1030 1982 formis
1051 1917 1260 1998 compositum
1283 1935 1363 1990 esse,
1387 1916 1429 1982 de

303 2012 371 2078 eius
386 2013 490 2077 vocali
506 2037 526 2098 η
543 2013 574 2075 ἰα
596 2013 742 2078 dialectis
757 2010 980 2077 aeolo-doricis
1002 2020 1174 2096 conspecta
1196 2013 1309 2080 eodem
1332 2012 1428 2079 modo

302 2107 509 2173 iudicandum
533 2127 613 2190 esse,
637 2127 699 2191 quo
722 2109 762 2176 de
784 2109 921 2192 simplici
943 2110 1011 2176 rad.
1031 2115 1086 2189 da,
1108 2115 1241 2196 τίθημι,
1265 2109 1352 2196 ἔθην
1368 2118 1427 2176 etc.

304 2204 359 2268 vix
382 2212 431 2271 est
453 2204 538 2286 quod
559 2225 717 2271 moneam.
752 2205 791 2270 cl.
814 2205 909 2288 igitur
930 2210 950 2288 ξ
976 2212 1024 2289 11,
1055 2208 1132 2274 ibid.
1156 2208 1197 2274 de
1219 2209 1298 2274 eleis
1319 2209 1429 2274 formis

305 2301 408 2388 ὄοθᾷ,
432 2298 594 2389 ἄνατεθᾷ.

761 2624 886 2700 Carnu
917 2625 966 2699 ΙΙ.
1084 2615 1085 2618 '

499 2795 554 2859 De
575 2793 711 2858 vocali
736 2819 753 2879 q
777 2795 817 2858 in
839 2794 1048 2860 radicibus
1071 2795 1237 2860 usitata·
1325 2859 1329 2865 a

817 2949 838 3026 a
866 2949 912 3010 u.

389 3078 575 3159 Priusquam
603 3080 637 3143 in
666 3078 803 3144 mediam
833 3098 900 3143 rem
929 3080 1166 3164 progredimur,
1197 3084 1307 3165 paucis
1336 3085 1429 3150 uobis

304 3173 346 3237 de
368 3173 551 3239 fontibus
574 3176 635 3241 erit
649 3175 888 3260 disputandum,
911 3178 1058 3260 equibus
1074 3178 1185 3244 barum
1201 3200 1306 3246 rerum
1322 3181 1429 3264 cogni·

303 3271 423 3338 tionem
445 3271 654 3339 hauriendam
678 3293 749 3341 esse
771 3275 1040 3358 existimavimus3
1069 3297 1142 3340 nam
1172 3297 1243 3342 eum
1264 3277 1298 3342 in
1324 3279 1429 3363 priore

303 3370 420 3452 capite,
444 3369 562 3452 quode
578 3371 681 3437 vocali
697 3396 716 3458 η
733 3373 766 3436 in
781 3374 1009 3438 vocabulorum
1027 3373 1215 3440 formatione
1238 3380 1270 3440 et
1290 3375 1429 3442 flexione

303 3467 422 3532 usitata
443 3469 607 3550 agebatur,
636 3469 860 3552 plerammque
888 3471 1059 3536 formarum
1081 3479 1129 3537 tot
1155 3478 1187 3537 et
1215 3472 1249 3537 in
1271 3473 1373 3538 titulis
1394 3479 1428 3539 et

303 3564 338 3629 in
359 3563 450 3631 libris
472 3571 636 3631 exstarent
658 3567 817 3648 exempla,
840 3572 874 3632 ut
890 3566 930 3633 de
946 3556 1153 3635 dialectomm
1174 3570 1236 3635 hac
1257 3571 1291 3634 in
1312 3589 1348 3635 re
1369 3589 1428 3635 usu

303 3662 443 3750 dubitari
464 3663 518 3727 vix
540 3669 658 3745 posset,
681 3682 775 3744 nuno,
798 3664 947 3746 quoniam
971 3664 1012 3731 de
1033 3665 1168 3749 singulis
1186 3665 1290 3749 iisque
1311 3666 1428 3749 partim

303 3758 385 3824 raris
406 3759 587 3841 vocabulis,
619 3779 777 3843 quaenam
804 3779 913 3826 eorum
942 3762 976 3826 in
997 3762 1159 3829 radicibus
1181 3762 1276 3829 fuerit
1295 3765 1427 3847 vocalis,

303 3854 476 3935 quaesituri
499 3876 617 3938 sumus,
640 3858 741 3940 longe·
755 3858 875 3924 maiore
890 3859 1084 3925 et-cautione
1099 3865 1131 3926 et
1146 3858 1429 3945 circumspectione

304 3969 386 4032 opus
408 3958 465 4017 est.
498 3954 612 4035 ¹Atque
634 3960 668 4019 ut
689 3955 836 4022 omnibus
857 3956 891 4020 iu
913 3957 1154 4038 quaestionibus
1176 3956 1429 4042 dialectologicis

304 4047 351 4111 ita
373 4045 434 4111 hac
456 4066 581 4132 quoque
602 4051 636 4115 in
658 4070 693 4117 re
714 4051 830 4117 tituli
860 4060 987 4135 praeter
1009 4053 1148 4136 reliquos
1176 4052 1281 4120 lentes
1310 4055 1429 4139 dignis·
