3194 4936
275 477 318 538 66
775 477 907 532 Baunsclr

274 649 507 734 pronominalis
533 650 652 717 radicis
673 651 734 715 'mo
761 671 833 718 esse
864 649 1036 730 videretur,
1068 649 1111 715 ab
1144 647 1232 713 omni
1260 646 1403 730 genetivi

275 747 500 815 terminatione
525 747 722 816 abstinuisse
748 749 885 831 diceret3
917 747 1095 814 Iraniorum
1123 753 1156 812 ot
1184 744 1404 811 SlavoLitua-

275 866 390 912 norum
411 865 504 908 mccc
524 844 770 912 dissimilatione
792 866 834 912 ex
854 866 955 908 murno
977 865 1049 910 esse
1063 851 1184 909 uatum.
1218 841 1405 926 Disputavit

275 943 500 1010 Schleicberns
521 959 563 1006 ca
584 941 626 1007 de
646 944 730 1009 rein
745 943 856 1026 Gomp.
871 964 904 1026 p.
920 945 993 1007 632.
1024 943 1141 1007 Verum
1163 940 1205 1006 de
1227 941 1279 1006 his
1293 939 1404 1004 formis

275 1041 372 1106 aliter
399 1039 536 1104 tortasse
562 1046 612 1104 est
640 1040 859 1106 iudicandum.
903 1040 981 1104 Mihi
1011 1039 1139 1121 quidem
1170 1038 1238 1103 veri
1268 1037 1404 1102 similius

276 1156 350 1204 csse
370 1135 500 1202 videtur
519 1137 711 1219 pronomina
731 1137 931 1221 possessiva,
953 1156 1037 1218 quae
1056 1136 1161 1217 attuli,
1185 1134 1321 1200 diversis
1342 1133 1406 1200 sui-

276 1232 350 1300 fixis
377 1251 451 1299 csse
477 1233 630 1316 formata,
657 1235 704 1299 ita
731 1241 767 1300 ut
793 1233 1037 1301 sanseritum
1065 1254 1182 1296 macru
1211 1231 1325 1298 suffixo
1353 1251 1404 1293 mo

278 1331 473 1410 (cfr.sc-mo,
494 1332 597 1405 i-mc),
619 1331 819 1398 ironicum
834 1340 868 1398 et
888 1331 1274 1398 slavo-lituanicum
1296 1347 1405 1390 ruo-nc

277 1427 393 1496 suffixo
413 1448 456 1490 nu
477 1428 545 1505 (cir.
567 1437 670 1506 ena),
691 1429 867 1494 latinum
888 1448 989 1499 meas,
1012 1434 1091 1510 got
1114 1430 1211 1490 mcircs
1233 1424 1348 1492 sulfino
1362 1424 1405 1508 ju

277 1526 346 1606 (cir.
369 1524 473 1609 occ-jc)
491 1525 662 1590 formatum
684 1532 804 1608 putem.
841 1525 936 1606 Quod
956 1527 1089 1607 linguae
1107 1524 1214 1606 Asiae,
1237 1544 1308 1589 cum
1330 1522 1405 1588 aliis

277 1623 447 1708 permultis
467 1623 563 1688 rebus
577 1624 693 1686 mirum
709 1632 862 1706 quantum
877 1625 962 1688 inter
975 1642 1011 1689 se
1026 1622 1208 1702 concinant,
1230 1622 1280 1686 bis
1295 1620 1406 1685 formis

277 1721 363 1787 inter
384 1739 457 1786 sese
477 1719 638 1800 differunt,
660 1720 695 1783 in
716 1740 755 1785 eo
777 1741 843 1786 non
864 1721 968 1802 magis
989 1717 1216 1785 offendendum
1239 1724 1288 1784 est
1309 1737 1406 1800 quam

278 1820 308 1885 si
322 1815 456 1885 eaedem
470 1817 505 1881 in
519 1816 686 1882 vocabulis
707 1816 782 1878 c-lro
802 1825 836 1882 ct
856 1837 949 1879 cecc
971 1815 1148 1881 formandis
1171 1815 1307 1882 diversis
1328 1833 1407 1880 usae

273 1922 354 1996 sunt
376 1912 509 1980 suffixis.

365 2011 411 2075 Ut
432 2027 608 2092 pronomen
631 2011 848 2090 possessivum
865 2008 1027 2074 secundae
1048 2029 1207 2092 personae
1221 2009 1407 2086 formarent,

279 2107 408 2189 linguas
429 2105 528 2170 aliam
549 2106 709 2195 rationem
730 2107 842 2172 iniisse
855 2105 1012 2171 videmus.
1045 2107 1114 2171 Nec
1128 2113 1239 2174 minen
1252 2108 1322 2172 eius
1337 2127 1408 2190 pcr-

280 2223 382 2270 sonae
408 2203 532 2268 formae
557 2204 592 2267 in
620 2203 740 2286 linguis
768 2203 913 2286 cognatis
939 2204 1023 2269 inter
1052 2223 1088 2269 se
1116 2203 1316 2288 discrepant,
1349 2203 1408 2268 sed

282 2318 394 2366 omncs
409 2309 498 2361 moo-
519 2300 685 2365 sormam
699 2300 1077 2383 indogermanicam
1092 2301 1222 2368 fnisse
1236 2301 1408 2366 affirmant.

281 2398 334 2462 lta
354 2397 388 2462 iu
409 2396 522 2479 lingna
543 2398 752 2464 sanserita
779 2397 876 2482 stirps
896 2418 955 2481 pro
976 2404 1091 2464 neutro
1112 2407 1266 2482 usurpata
1286 2399 1411 2482 geneti-

281 2515 358 2560 vum
385 2493 582 2578 pronominis
610 2497 790 2578 porsonalis
812 2495 954 2560 denotat.
999 2496 1082 2562 Dein
1105 2515 1168 2578 quo
1190 2495 1287 2560 modo
1307 2515 1410 2557 mama
1507 2535 1509 2539 ψ

282 2612 324 2660 ex
344 2591 503 2665 mumulo,
534 2592 649 2658 eodem
678 2603 752 2656 tuoe
780 2613 822 2659 ex
844 2591 958 2655 rocula
980 2599 1013 2658 et
1034 2592 1182 2656 tucukirtc
1210 2600 1319 2658 nostro
1339 2581 1422 2657 iure*

282 2689 480 2756 deducimus.
524 2692 607 2756 Tum
629 2692 663 2756 in
685 2690 857 2758 nondica
881 2690 994 2772 lingua
1015 2688 1147 2769 eadem,
1177 2691 1314 2773 quaein
1336 2710 1411 2754 sau·

281 2790 389 2869 scrita,
411 2788 494 2854 ratio
509 2790 650 2854 cernitur
663 2789 772 2871 stirpis
786 2787 830 2851 ad
852 2787 1096 2866 exprimendum
1118 2788 1318 2871 pronominis
1338 2807 1411 2870 per-

281 2885 405 2951 sonalis
433 2885 618 2966 genetivum
646 2882 862 2949 adhibendae.
907 2881 1014 2946 Etiam
1043 2885 1204 2950 slavica
1225 2894 1259 2950 et
1284 2886 1411 2950 litua·

282 2981 376 3046 nica
396 2979 510 3060 lingua
530 3000 597 3044 non
618 2999 723 3063 pauca
745 2981 814 3044 eius
828 2977 938 3059 stirpis
959 2981 1099 3062 vestigia
1119 2982 1287 3064 praebent.
1320 2983 1411 3047 luter

283 3094 368 3157 quae
389 3073 519 3156 quidem
547 3075 669 3142 formae
696 3075 764 3138 tcbc
786 3086 873 3154 toves
897 3081 929 3140 et
951 3075 1144 3141 adiectivum
1167 3079 1256 3140 tricos
1277 3080 1411 3144 maximi

283 3179 360 3239 sunt
373 3172 535 3236 momenti.
566 3175 649 3236 'lum
671 3173 771 3255 plane
785 3179 899 3256 aperta
917 3178 966 3237 est
987 3174 1146 3240 latinae
1166 3177 1255 3242 vocis
1276 3187 1348 3238 tuus
1369 3196 1411 3242 ex

284 3279 374 3332 tovos
406 3267 590 3350 explicatio.
649 3272 815 3336 Postremo
847 3269 918 3334 sine
951 3266 1048 3334 dubio
1080 3292 1256 3353 graecae
1287 3274 1412 3340 formae

283 3366 378 3445 τεός,
408 3375 501 3430 τεοῖο
530 3369 576 3443 (Θ
599 3370 650 3448 37,
674 3369 737 3430 468
759 3403 801 3413 -
823 3387 882 3449 pro
908 3367 1057 3452 *toenejo
1079 3376 1133 3446 -—)
1163 3369 1227 3435 buc
1254 3378 1412 3455 spectant.

283 3465 388 3530 Locos
402 3462 589 3528 Homericos
611 3470 643 3529 et
664 3464 799 3528 aliorum
814 3465 1012 3548 scriptorum,
1035 3467 1150 3548 quibus
1170 3466 1256 3546 illae¹
1271 3468 1412 3536 traditae

284 3568 370 3642 suut,
392 3560 546 3626 collectos
565 3559 694 3626 invenis
716 3581 739 3624 a
759 3561 891 3627 Gerthio
913 3568 946 3628 et
964 3561 1088 3629 Oauero
1110 3564 1144 3628 in
1160 3563 1260 3629 Curtii
1282 3566 1411 3642 „stud.“

284 3658 349 3724 vol.
372 3658 399 3738 1,
422 3660 442 3719 2
463 3678 496 3738 p.
519 3659 593 3736 251,
616 3657 679 3720 v11
700 3678 732 3739 p.
758 3662 828 3722 105.

371 3755 423 3818 lln
451 3753 515 3832 cis,
543 3771 627 3833 quae
652 3754 873 3836 exposuimus,
901 3755 1157 3822 concludendum
1180 3776 1257 3834 esse
1284 3756 1414 3824 videtur

285 3850 421 3915 formam
451 3848 675 3932 primigeniam
702 3851 736 3915 iu
763 3850 1025 3933 indogermanica
1054 3853 1167 3936 lingua
1193 3854 1291 3920 luisse
1313 3865 1413 3919 tuce.

286 3946 358 4012 Iam
387 3963 465 4010 vero
492 3943 600 4010 adbuc
628 3947 787 4028 putabant
806 3945 884 4024 τεός
912 3967 954 4014 ex
981 3948 1071 4014 brevi
1091 3949 1191 4031 stirpe
1212 3961 1279 4022 tuo,
1306 3953 1412 4017 vocali

287 4068 305 4112 ε
332 4042 417 4109 inter
446 4039 610 4109 dentalem
637 4050 759 4110 mutam
788 4053 820 4111 ct
851 4044 1004 4112 labialem
1032 4045 1206 4126 spirantem
1234 4048 1413 4133 interiectu,
