3218 4934
271 487 312 548 84
774 488 908 544 Bounock

359 664 494 744 Θίβος
531 666 593 729 est
628 660 973 748 hypocoristioon
1010 680 1082 743 pro
1122 658 1401 743 Θεό-βουλος.

272 757 453 824 Seoundum
483 761 590 845 legem
620 759 705 826 euim
735 758 841 840 illam,
871 776 967 840 quam
989 757 1121 824 Fiokius
1152 758 1193 824 de
1218 757 1402 825 nominibus

271 856 409 939 propriis
436 857 614 924 formandis
639 855 764 937 statuit,
787 853 952 920 nominum
974 855 1190 939 propriorum,
1214 875 1297 938 quae
1319 874 1403 921 oom-

270 953 378 1035 positu
406 959 499 1037 sunt,
531 954 634 1021 altera
663 973 738 1037 pars
760 971 992 1036 saepenumero
1021 952 1214 1035 decurtatur,
1244 958 1278 1018 ut
1300 952 1401 1020 habes

268 1045 380 1118 Ἀντί-
364 1072 448 1133 -γων
471 1059 503 1119 et
521 1048 632 1118 Ἀντι-
615 1056 731 1137 νένης
747 1050 800 1116 vel
818 1045 930 1114 Ἀντί·
900 1053 1038 1133 ί-νανος,
1061 1048 1161 1130 Πάμ-
1162 1074 1234 1131 μων
1255 1058 1287 1118 ot
1302 1055 1402 1133 Παμ

272 1149 386 1232 μένης,
408 1153 522 1215 Μενε-
525 1143 601 1215 otei
618 1156 650 1215 ot
664 1153 779 1214 Μενε-
763 1151 918 1232 -σθένης,
930 1143 1068 1228 'Ateg-
1029 1170 1087 1224 -ας
1102 1155 1135 1213 ot
1153 1139 1267 1228 Ἀλέξ-
1250 1147 1401 1233 -ανὸρος,

272 1238 434 1329 Ἔπαφρώ
464 1252 496 1312 et
521 1243 777 1333 Ἐπαφρόδιτος.
823 1243 904 1310 Ut
895 1265 930 1309 1u
958 1245 1009 1310 his
1039 1251 1071 1310 ot
1099 1242 1287 1310 suffixum·
1271 1270 1347 1311 -ων
1369 1253 1402 1313 et

274 1364 325 1404 -ω
349 1347 418 1407 et·
403 1365 473 1420 -ας
494 1343 539 1411 ad
560 1343 817 1430 bypoooristioou
838 1338 1040 1407 fumandum
1061 1341 1242 1407 adhibitum
1264 1349 1332 1425 est,
1354 1343 1402 1410 ite

272 1438 376 1504 oliio'
367 1459 401 1504 m
423 1442 588 1510 vocabulis
610 1439 797 1510 suffixum·
780 1438 874 1504 o-iu
897 1459 956 1505 usu
977 1445 1036 1505 ost
1075 1437 1229 1506 Censores
1244 1427 1310 1504 Εῧ-
1312 1441 1400 1520 κλος,

265 1529 356 1616 Ἔχε·
358 1537 447 1617 utos,
462 1534 526 1604 ''lo-
527 1539 616 1620 κλος,
639 1544 710 1603 Σῶ-
696 1560 783 1615 -κος,
805 1531 919 1602 ’Arce
903 1559 997 1620 -,φος
1012 1532 1101 1621 Ἕρι-
1085 1560 1179 1623 -φ,ας
1198 1530 1331 1602 Ὀνάσι·
1331 1537 1400 1614 λος,

273 1631 469 1715 notre-tog,
492 1637 660 1713 Κλεῦ-λας
682 1635 771 1713 (Eun.
794 1632 895 1699 Curtii
916 1633 1030 1700 anecd.
1054 1632 1162 1717 delph.
1188 1639 1217 1716 5,
1241 1637 1311 1714 20),
1332 1630 1400 1718 Ἐρ-

273 1728 430 1814 your-tog
453 1738 542 1816 (orgo
564 1733 661 1800 etiam
677 1728 828 1808 Ζώῑ-λος
849 1752 908 1815 pro
930 1727 1138 1809 *Ζώσι-λος,
1163 1751 1228 1796 non
1250 1729 1401 1808 Ζώ-ιλας

272 1828 358 1911 quod
374 1829 505 1897 Fiekius
520 1831 665 1912 mavult),
689 1826 844 1905 Σώϊ-λος,
869 1826 1055 1914 Mouet-iu,
1072 1825 1257 1911 Πύλα-βας,
1275 1826 1401 1913 Κόροι-

272 1929 344 2007 βος,
365 1921 503 2013 ‘Eud-(tu
526 1925 655 2008 aliaque
677 1924 847 2009 permulta.

359 2023 445 2104 Ergo
470 2026 649 2105 Θί-βοςε
670 2016 1224 2107 Θεό-βουλοςτ-Ἅντι-φος
1241 2015 1400 2088 ιἈντιὲ

274 2116 411 2204 φάνης
432 2148 476 2171 =
500 2117 734 2205 Θέρσι-λος
751 2143 758 2184 :
777 2118 1078 2204 Θερσί-λοχος.

359 2215 506 2283 Eundem
534 2217 568 2283 in
596 2217 726 2283 modum
751 2221 918 2301 Θίβρων
944 2222 976 2282 et
1000 2219 1213 2301 Θίμβρων,
1242 2237 1324 2300 quae
1347 2224 1402 2283 uo·

273 2311 363 2378 mina
391 2312 586 2405 Rosoherus,
615 2315 667 2380 oui
698 2336 756 2398 pro
782 2317 952 2398 Θίβ-ρ-ων
981 2321 1013 2378 et
1038 2317 1234 2397 Θίμβ-ρ·ων
1257 2335 1329 2382 esso
1356 2316 1402 2381 vi·

274 2408 400 2488 dentur,
425 2412 532 2477 minus
554 2419 630 2494 apto
651 2432 672 2477 e
693 2409 844 2498 θιμβρός
867 2410 1002 2492 derivat,
1029 2410 1224 2493 expliounda
1246 2419 1336 2478 suut:

362 2511 558 2593 Θί-βρων
587 2509 788 2593 (plerumque
816 2507 1144 2576 Lacedaemoniorum
1173 2511 1304 2587 nomeu)
1336 2509 1400 2575 vel
1524 2541 1526 2544 ·

277 2602 500 2692 ogo-ouem
523 2629 531 2672 ε
557 2604 881 2693 &ob-(moeros
912 2635 955 2659 =
983 2597 1212 2688 Ἀντί-νων.
1234 2629 1242 2669 :
1265 2598 1401 2672 Ἀντί-

273 2726 408 2788 γονος.
452 2703 540 2771 Illud
561 2708 669 2789 -βρων
700 2705 770 2771 sive
791 2710 925 2787 -μβρων
954 2707 1003 2769 est
1031 2703 1133 2767 torma
1156 2701 1322 2768 decurtata
1343 2724 1400 2787 pro

274 2802 480 2887 -(μ)βροτας,
510 2807 545 2866 ut
566 2822 624 2885 pro
647 2800 762 2867 eadem
784 2819 864 2866 vooe
885 2806 1011 2884 -μβρος
1032 2800 1066 2865 in
1081 2795 1232 2883 Ἴ-μβρος
1254 2799 1322 2875 (eir.
1342 2796 1401 2865 'Io-

275 2896 374 2981 κλῆς,
395 2893 586 2980 Ἰό-κριτος,
605 2894 724 2982 Ἰ-όπη,
744 2891 894 2981 ’Io-mov)
914 2896 1085 2977 iuvenitur,
1112 2895 1197 2979 quod
1220 2916 1337 2964 nomen
1360 2916 1401 2964 ex

275 2991 506 3077 *Ἰό-μβρανος
527 2994 574 3057 uti
594 2989 682 3069 ’ἴλας
703 2993 806 3072 (stud.
829 2994 889 3074 IX,
911 2995 965 3070 97)
995 3012 1036 3059 ex
1054 2989 1175 3070 Ἰό-λας
1197 3001 1307 3059 natum
1330 3013 1401 3062 esse

275 3085 352 3173 put'o
380 3089 487 3168 (aliter
508 3089 594 3157 Ourt.
616 3091 740 3174 Etym.⁴
768 3111 799 3174 p.
823 3093 913 3172 404),
945 3109 1004 3156 neo
1026 3091 1130 3157 minus
1152 3094 1345 3176 -(μ)βραχος
1367 3092 1401 3156 in

279 3188 467 3271 Θί-βραχος
499 3191 630 3266 (nomen
661 3188 798 3254 laoonioi
830 3187 1026 3271 polemerohi
1059 3208 1112 3271 ap.
1142 3187 1227 3253 Xeu.
1258 3189 1342 3254 Hell.
1370 3193 1400 3270 2,

275 3287 307 3365 4,
331 3287 401 3367 33),
431 3303 566 3367 quooum
594 3286 726 3351 nomina
745 3282 960 3364 Ἀπέλλιχος,
987 3279 1187 3366 Ὀλύμπιχος
1193 3334 1202 3363 ,
1225 3281 1399 3364 ‘innume

268 3376 396 3461 Ἴναχος
418 3381 574 3448 conferas.

361 3477 455 3559 Quod
483 3479 517 3544 in
542 3482 696 3562 Θί-βρων
723 3479 805 3546 illud
830 3504 855 3562 μ
877 3479 1040 3560 omittitur,
1070 3477 1104 3543 iu
1134 3497 1172 3544 eo
1202 3499 1267 3545 nou
1298 3481 1400 3564 magis

276 3576 504 3646 offendendum
527 3585 576 3644 est
597 3596 692 3659 quem
716 3577 743 3644 si
765 3576 851 3643 idem
872 3578 907 3644 in
929 3574 1074 3662 ἅβροτος
1097 3575 1197 3642 deest.

365 3676 519 3758 Θί-βρων
540 3697 547 3738 :
571 3677 749 3759 Θί-μβρων
770 3703 814 3727 ==
835 3670 997 3759 ἄ-βροτας
1020 3697 1027 3739 :
1050 3669 1237 3756 t'i-uttoouog
1261 3702 1301 3726 =
1322 3672 1399 3739 Πά·

276 3777 332 3854 βις
352 3774 484 3849 (nomeu
505 3790 563 3853 por
585 3789 620 3837 se
641 3770 754 3837 mirum
776 3772 811 3837 in
832 3773 927 3838 inser.
942 3771 1006 3837 iou.
1023 3771 1069 3836 St.
1084 3769 1122 3850 V,
1139 3772 1211 3852 259,
1230 3773 1260 3849 5)
1278 3793 1285 3835 :
1301 3769 1401 3853 Πάμ-

278 3873 333 3950 rag
360 3865 450 3944 (ibid.
474 3871 546 3950 258,
572 3871 632 3932 149
659 3888 717 3952 pro
739 3865 899 3952 Πάμβιος
921 3869 975 3934 ofr.
998 3864 1201 3954 Πάμφιλος,
1224 3870 1399 3953 Παμφᾶς).

363 3965 476 4030 Restat
497 3972 532 4031 ut
553 3965 595 4033 de
621 3966 727 4050 priore
747 3967 912 4035 nominum
934 3965 1150 4050 propriorum,
1182 3983 1265 4047 quoe
1287 3971 1400 4030 traete·

277 4060 391 4144 vimus,
413 4069 505 4145 porto
525 4082 630 4147 poueo
650 4064 751 4132 rerba
765 4063 930 4131 faeiamuo.
967 4062 1100 4130 Constet
1116 4059 1204 4145 apud
1225 4062 1400 4130 nonnullas
