3208 4928
533 471 575 526 De
593 471 731 527 Alcmanis
749 475 846 542 poetae
864 471 988 528 dialecto.
1024 558 1029 563 ³
1262 471 1321 532 341

199 642 334 726 grapho,
357 641 415 723 sed
437 641 505 709 fieri
528 643 641 726 potuit,
664 650 699 708 nt
720 643 833 719 literae
856 645 943 712 sonis
963 645 1093 711 mutatis
1115 645 1325 728 antiquiorem

199 747 317 806 statum
345 738 476 822 linguae
503 741 694 807 retinuerint
726 761 832 823 neque
864 743 1021 826 scriptura
1054 741 1197 825 linguam
1231 743 1327 810 adae·

199 843 285 919 quet.
328 835 425 904 Oaret
445 837 508 903 hac
529 836 715 904 difficultate
743 839 880 905 alterum
909 840 1043 905 fontium
1065 841 1224 922 gonus¹²),
1255 860 1326 906 oum

199 935 232 998 in
253 952 293 1000 eo
316 933 392 1000 viva
412 953 477 999 vox
499 943 531 1001 et
552 954 611 1000 eae
633 935 845 1019 proprietates
866 935 1032 1020 imprimis,
1059 955 1144 1019 quae
1164 938 1325 1003 notabiles

198 1030 393 1097 videbantur
413 1032 546 1116 reliquis
568 1033 717 1115 Graecis,
744 1034 862 1100 Ionicis
884 1035 968 1101 notis
990 1034 1137 1101 redditae
1158 1035 1236 1116 sint,
1268 1035 1327 1101 sed

198 1127 304 1194 minor
332 1128 503 1195 lectionum
531 1129 626 1212 fides,
661 1148 745 1213 quae
771 1131 972 1198 librariorum
1003 1133 1098 1216 culpa
1126 1139 1158 1198 61
1190 1131 1326 1207 16116666

198 1227 478 1324 grammaticorum
515 1249 616 1312 pravo
654 1227 778 1311 judicio
813 1231 922 1296 varias
961 1229 1155 1296 mutationes
1191 1248 1324 1312 perpes·

200 1342 257 1389 sae
279 1328 363 1390 sunt.

284 1421 390 1506 Majus
412 1421 608 1506 praesidium
631 1428 680 1488 est
698 1421 732 1487 in
754 1419 891 1489 dialecto
906 1423 1219 1504 Heracleensium¹³)‚
1244 1442 1328 1506 quae

200 1524 248 1583 661
275 1518 403 1583 6616116
430 1520 565 1586 Tarenti
590 1540 611 1586 a
632 1520 814 1588 Laconibus
842 1541 928 1586 anno
957 1521 1242 1604 septingentesimo
1273 1519 1327 1585 de·

200 1615 281 1682 oimo
297 1615 418 1682 conditi
433 1617 648 1699 servavitque,
671 1632 864 1700 quamquain
886 1619 1012 1684 incolae
1027 1619 1162 1684 aliarum
1179 1615 1327 1700 stirpium

199 1713 335 1779 admixti
358 1721 459 1796 erant,
482 1714 561 1780 66116
583 1735 696 1807 puram
712 1716 866 1782 Doridem
884 1717 1087 1796 severiorem,
1110 1735 1175 1798 qua
1197 1733 1233 1780 re
1255 1733 1328 1781 eon-

199 1810 285 1875 cludi
310 1817 419 1895 'potest
441 1811 601 1893 quaedam
622 1811 785 1878 Laconum
813 1811 970 1879 idiomata
998 1813 1055 1878 illo
1083 1819 1227 1896 ternpore
1248 1832 1327 1876 non·

200 1906 274 1972 dum
298 1906 405 1974 luisse.
446 1907 573 1975 Deinde
596 1907 637 1974 de
657 1909 849 1991 antiquitate
871 1911 1072 1992 quarundam
1095 1909 1327 1995 proprietatum

198 2006 351 2088 analogia
365 2004 499 2072 aliarum
515 2005 735 2090 dialectorum‚
759 2026 892 2090 quarum
910 2008 1015 2076 161166
1029 2007 1226 2090 antiquiores
1241 2012 1326 2088 sunt,

199 2102 430 2169 adhibendast
443 2104 516 2187 ipsa
529 2111 645 2170 natura
660 2104 816 2172 sermonis
831 2105 963 2170 hnmani
978 2103 1178 2173 consulenda
1189 2110 1247 2171 est.
1270 2103 1328 2170 Oe-

199 2209 301 2264 terum
324 2199 365 2266 de
384 2201 582 2267 Laconismis
603 2199 760 2286 imprimis
782 2202 902 2287 661111,
926 2203 968 2270 de
988 2203 1028 2270 iis
1050 2223 1135 2286 quae
1156 2202 1327 2268 universae

200 2296 313 2382 Doridi
336 2297 466 2379 propria
488 2305 560 2362 sunt
579 2297 635 2378 uel
650 2318 733 2380 quae
747 2302 889 2366 severior
904 2301 1001 2366 Doris
1022 2300 1122 2366 habet
1138 2299 1326 2382 singularia,
1437 2301 1438 2306 ’

201 2391 357 2465 dubitatio
379 2393 482 2458 rarius
504 2395 612 2476 oritur,
637 2413 829 2476 quamquam
852 2395 1033 2462 cavendum
1056 2401 1121 2476 est,
1145 2415 1186 2460 ne
1209 2396 1328 2475 omnia,

201 2507 283 2570 quae
305 2488 338 2553 in
362 2487 508 2555 dialectis
523 2489 815 2573 propinquioribus
837 2492 1018 2558 communia
1039 2491 1251 2573 reperiuntur,
1283 2497 1328 2555 16

200 2605 288 2652 mere
309 2585 509 2668 antiquitatis
531 2586 628 2652 laude
651 2605 817 2670 ornemus,
848 2607 919 2653 cum
941 2588 1030 2654 haud
1059 2607 1162 2672 pauca
1184 2606 1326 2653 seorsum

200 2682 234 2748 in
256 2683 392 2766 singulis
414 2683 503 2750 nasci
526 2685 698 2766 potuerint.

285 2781 376 2860 Quae
397 2787 505 2847 tamen
522 2780 620 2846 dubia
634 2780 848 2864 relinquenda
863 2789 945 2862 runt,
968 2780 1007 2848 iis
1022 2780 1218 2864 sperandum
1233 2799 1328 2863 quae·

201 2878 337 2945 stionem
360 2879 401 2946 de
423 2878 588 2944 Alcmanis
616 2878 755 2947 dialecto
786 2879 909 2962 aliquid
939 2879 1019 2945 lucis
1048 2899 1119 2946 esse
1144 2879 1326 2945 allaturam.

200 3113 311 3182 scriptio
329 3113 440 3168 tabulae
457 3127 556 3167 aeneae
574 3112 680 3181 Tegeae
701 3119 839 3183 repertae,
863 3127 917 3182 qua
935 3107 1024 3178 agitur
1041 3113 1075 3166 de
1092 3111 1208 3181 pecunia
1230 3112 1258 3166 in
1279 3111 1327 3166 illa

199 3193 266 3246 urbe
285 3193 420 3261 deposita,
446 3208 526 3260 quam
548 3193 651 3261 publici
665 3185 737 3260 juris
759 3193 824 3248 16611
841 3197 868 3248 61
885 3192 1041 3247 Laconibus
1065 3191 1211 3248 vindicavit
1227 3192 1327 3247 Kirch·

200 3271 259 3325 hoff
273 3271 440 3329 Monatsber.
460 3271 486 3326 d.
504 3273 576 3326 Berl.
588 3273 675 3327 Acad.
692 3274 717 3329 d.
731 3273 899 3328 Wissensoh.
920 3278 985 3328 1870
1002 3291 1030 3343 p.
1041 3277 1087 3339 603
1106 3287 1197 3342 pauca
1213 3273 1324 3328 minoris

201 3356 265 3406 sunt
282 3351 399 3406 ambitus
419 3351 454 3406 61.
472 3351 618 3407 Kirohhoff
631 3353 745 3407 Hermes
762 3347 803 3407 ΙΙΙ
821 3357 880 3408 449.
910 3352 1056 3409 Neubaucr
1073 3351 1099 3405 X
1119 3357 1176 3407 153.

271 3432 302 3495 ²²)
321 3431 560 3486 clamemur.
579 3448 605 3501 p.
625 3437 666 3488 26.

272 3513 302 3576 ¹³)
321 3511 361 3565 cf.
384 3511 509 3566 Meister:
540 3513 573 3566 de
604 3511 719 3568 dialecto
745 3512 965 3568 Heracleensium
998 3511 1155 3568 italicorum
1182 3510 1210 3564 in
1241 3509 1326 3564 Curtii

201 3591 357 3646 Studiorum
374 3591 425 3648 vol.
443 3592 482 3647 IV
499 3610 527 3662 p.
546 3597 604 3647 355.
