3208 4928
231 463 340 526 ’340
457 453 458 456 ¹
616 511 620 518 .
726 493 733 513 ι
794 467 885 539 Spitss

279 639 355 722 quin
382 640 436 706 rel
464 645 626 706 auctorem
655 659 746 706 suum
774 659 839 705 non
862 645 948 706 recte
969 636 1167 704 intellexerit
1193 636 1247 704 vel
1274 631 1412 722 propter

279 738 377 804 solius
400 736 554 820 digammi
575 757 668 803 usum
683 735 871 803 Alcmanem
887 736 920 801 in
935 735 1071 802 Aeolum
1094 754 1224 801 numero
1247 734 1410 802 habuerit.

363 835 452 901 Haec
481 835 602 902 diserta
628 841 774 900 veterum
801 833 1079 918 grammaticorum
1110 831 1293 900 testimonla
1323 853 1411 899 com-

277 931 407 1014 probari
428 932 555 997 ratione
575 938 778 1014 accentuum,
807 952 887 1016 quos
909 930 1139 1015 appinxerunt,
1169 930 1330 1015 conjicere
1353 930 1411 996 de-

278 1028 391 1096 bemus
413 1034 511 1111 atque
532 1049 567 1095 re
588 1047 667 1095 vera
688 1030 852 1096 luculenta
873 1028 969 1111 hujus
998 1029 1044 1096 rei
1066 1028 1203 1111 vestigia
1225 1028 1258 1093 in
1281 1041 1410 1114 papyro

278 1143 436 1218 apparere
457 1125 541 1191 inira
562 1126 753 1194 ridebimus.
799 1181 805 1186 .
933 1117 935 1122 ’

510 1365 530 1444 ξ
554 1369 583 1430 5.
629 1367 687 1430 De
709 1363 891 1430 dialecto
914 1364 1169 1441 Laconica¹⁰).

363 1498 522 1565 Laconica
545 1499 710 1582 dialectus,
734 1499 903 1567 severioris
925 1518 1008 1581 quae
1031 1499 1148 1564 dicitur
1169 1495 1298 1564 Doridis
1320 1498 1409 1582 prin-

279 1613 365 1678 ceps,
390 1614 485 1677 quam
508 1603 542 1661 ut
563 1597 633 1680 ipse
655 1603 752 1685 pocta
773 1597 806 1661 in
829 1595 980 1679 fingenda
1003 1595 1151 1677 dialecto,
1182 1595 1227 1660 sio
1249 1613 1308 1660 nos
1330 1615 1409 1677 quo-

278 1711 341 1774 que
361 1693 396 1756 in
419 1712 458 1758 ea
479 1695 708 1777 investiganda
729 1715 786 1778 pro
809 1693 1018 1759 fundamento
1041 1711 1163 1775 ponere
1186 1691 1349 1772 debemus,
1371 1692 1409 1757 in

280 1808 388 1856 earum
411 1810 543 1858 numero
567 1797 630 1874 est,
661 1811 756 1881 quas,
785 1810 856 1856 cum
879 1791 984 1856 fontes
1005 1789 1136 1874 paululo
1162 1790 1323 1854 uberiores
1352 1809 1408 1854 ex-

277 1893 360 1968 tent,
389 1889 493 1972 magis
524 1890 669 1972 cognitas
698 1888 864 1955 habemus.
907 1889 1013 1970 Atque
1035 1907 1074 1952 ea
1102 1893 1168 1950 tam
1198 1886 1300 1952 multa
1327 1886 1408 1952 idio-

278 1990 366 2050 mata
399 1986 558 2067 ostendit,
591 1994 627 2052 ut
657 1986 883 2052 nonnullarum
913 2005 1033 2068 rerum,
1065 2004 1144 2066 quas
1169 1984 1273 2050 minus
1303 1989 1408 2050 certas

279 2101 350 2148 esse
368 2083 561 2164 procedente
576 2083 795 2167 disputatione
810 2082 990 2166 apparebit,
1013 2081 1210 2147 accuratiore
1224 2081 1408 2164 cognitione

278 2176 403 2243 facilius
426 2198 535 2246 carere
562 2199 746 2263 possemus,
775 2178 838 2244 nisi
861 2177 992 2244 dubium
1021 2185 1124 2260 esset,
1153 2197 1229 2244 num
1250 2178 1310 2243 illa
1334 2179 1405 2262 jam

278 2273 445 2341 Alcmanls
468 2277 664 2361 temporibus
685 2277 720 2342 in
745 2275 892 2361 populari
915 2277 1078 2341 Laconum
1100 2276 1238 2342 dialecto
1260 2276 1404 2342 luissent.

278 2370 366 2438 Sane
388 2373 541 2456 temporis
563 2375 756 2440 nonninus
777 2374 857 2439 ratio
880 2374 1032 2439 habenda
1048 2379 1097 2440 est
1114 2393 1210 2455 quam
1233 2373 1310 2456 loci,
1333 2375 1408 2439 Alc-

277 2489 354 2534 man
376 2491 462 2552 vero,
487 2491 581 2554 quem
596 2472 680 2538 inter
694 2471 878 2537 vicesimam
893 2472 1062 2553 septimam
1080 2477 1112 2537 et
1127 2471 1406 2554 quadragesimam

278 2567 497 2652 olympiadem
513 2568 656 2635 floruisse
672 2589 713 2634 ex
729 2574 873 2635 veterum
896 2568 1088 2652 testimoniis
1111 2568 1300 2651 colligimus,
1323 2567 1408 2633 anti·

278 2665 400 2746 quitato
427 2666 528 2730 multo
557 2673 688 2751 superat
716 2686 812 2749 puros
835 2666 1016 2748 Laconicae
1043 2665 1173 2731 dialecti
1200 2665 1321 2744 fontes,
1352 2665 1407 2746 qui

277 2768 406 2845 praeter
428 2763 652 2846 Hesychianas
674 2766 816 2846 glossas,
846 2763 1034 2829 recentioris
1056 2762 1172 2830 aetatis
1194 2770 1309 2842 testes,
1339 2762 1408 2826 dia·

278 2858 395 2924 lectum
410 2860 575 2942 praebent.
583 2861 685 2944 quinti
700 2867 733 2927 et
752 2861 893 2927 ineuntis
911 2859 1015 2942 quarti
1031 2861 1161 2942 sacculi.
1191 2860 1305 2942 Itaque
1324 2878 1408 2941 quae

278 2975 319 3021 ex
341 2956 392 3022 his
413 2956 578 3021 Laeonum
600 2959 735 3040 propria
753 2958 852 3024 luisse
875 2957 1043 3038 discimus,
1073 2978 1148 3022 num
1180 2977 1219 3022 ea
1241 2957 1406 3022 Alcmanis

278 3052 463 3133 aequalium
486 3052 613 3133 luerint,
637 3073 702 3118 nou
724 3073 827 3136 aeque
849 3061 936 3120 certo
957 3053 1085 3121 scimus.
1115 3054 1180 3120 Sed
1203 3054 1256 3120 rel
1277 3054 1337 3118 illa·
1357 3053 1408 3118 in·

278 3147 417 3216 certiora
450 3141 522 3214 esse
554 3148 713 3232 videntur,
746 3170 822 3216 nam
851 3151 885 3215 in
918 3151 997 3234 ipsis
1029 3151 1171 3218 fontibus
1203 3151 1407 3238 differentiae

279 3245 440 3328 quaedam
466 3246 712 3330 conspiciuntur,
742 3249 913 3334 praecipue
929 3238 1024 3314 'inter
1052 3248 1114 3312 duo
1137 3267 1245 3314 eorum
1275 3267 1405 3330 genera,

278 3342 388 3408 titulos
411 3349 444 3410 et
464 3344 572 3426 libros,
596 3346 743 3428 quaead
766 3354 852 3411 certa
870 3343 1028 3428 quaedam
1051 3345 1204 3428 temporis
1220 3345 1406 3411 discrimina

278 3439 391 3506 relerri
412 3460 478 3506 nou
500 3449 643 3525 possunt.
673 3443 772 3508 Tituli
782 3445 814 3519 ¹¹)
836 3441 900 3508 fide
914 3443 1058 3525 insignes
1081 3448 1154 3507 sunt
1176 3442 1296 3525 quippe
1318 3447 1406 3507 auto·

350 3658 381 3722 ¹⁰)
400 3657 440 3711 cf.
458 3657 565 3714 Ahrens
590 3659 624 3713 de
646 3659 761 3714 dialecto
781 3658 894 3726 Dorica,
918 3658 964 3726 qui
986 3657 1148 3714 lineamenta
1165 3659 1319 3714 Laconicae
1345 3661 1403 3714 dia-

277 3737 533 3833 lectinadumbravit
555 3755 582 3808 p.
601 3743 651 3793 415
668 3755 726 3808 sqq.
767 3737 899 3807 lirampe:
928 3739 961 3792 de
986 3738 1101 3794 dialecto
1125 3739 1269 3794 Laconica.
1307 3741 1405 3795 Mona·

277 3821 496 3965 Stemfllffllibuci,
514 3899 586 3968 quod
603 3898 733 3965 dolemus,
751 3913 819 3968 quos
837 3898 1003 3954 enumerarit
1019 3899 1128 3955 Ahrens
1145 3900 1163 3954 l.
1182 3900 1200 3954 l.
1219 3917 1246 3970 p.
1264 3905 1288 3954 8.
1324 3900 1406 3956 Nunc

282 3978 431 4034 accedunt:
453 3978 548 4034 titulus
566 3978 713 4048 inscriptus
730 3978 759 4032 in
776 3979 883 4049 tripode
901 3985 964 4049 post
980 3979 1166 4036 Plataeensem
1184 3997 1303 4050 pugnam
1320 3982 1405 4051 Apol-

262 4058 327 4117 lini
345 4056 482 4125 dedicato,
509 4073 588 4129 quem
605 4058 688 4114 edidit
706 4057 789 4114 Friok
805 4059 834 4114 in
851 4059 946 4115 Jahn’s
962 4059 1058 4116 dahrb.
1084 4060 1172 4131 suppl.
1192 4061 1234 4114 111
1254 4065 1334 4128 18573
1362 4061 1405 4116 in-
