3208 4928
488 473 664 543 Quaadones
682 471 904 543 dialectologieae
920 489 1042 544 graecae.
1267 472 1330 538 323

289 649 320 722 2)
345 643 482 731 εὐήθως
503 651 579 725 (12).
612 646 651 710 ol.
675 645 769 724 ἔθος.
794 683 835 693 -
857 648 1023 714 Aoeedunt
1045 669 1086 714 ex
1107 648 1213 713 libris:

289 749 321 818 3)
343 747 450 827 γῆρας
474 743 588 827 Sophr.
618 746 648 807 7.
688 744 782 809 Pind.
817 745 855 810 of.
878 749 1017 829 yde-osv,
1053 742 1217 829 γερ-αιός.
1257 752 1331 812 sert.

202 836 321 924 p‘ar-es,
344 837 440 922 per-d
462 844 577 924 etym.⁴
602 845 671 907 175.

290 942 322 1010 4)
346 934 482 1022 ἐρῆμος.
505 937 618 1022 Epioh.
644 941 691 1002 19.
718 943 766 1003 10.
795 938 889 1003 Pind.
911 936 949 1004 0.
973 939 1030 1004 16
1053 939 1227 1028 ο1.ἠρέμα,
1251 941 1331 1032 ἦρε-

107 1083 117 1098 .
201 1039 274 1116 μία.
298 1031 419 1112 ‘tsraoa
442 1037 505 1117 g'ot.
529 1036 645 1100 rim-is.

290 1136 321 1207 5)
344 1125 523 1216 ἀκήρατος.
547 1133 648 1199 Alom.
662 1153 737 1216 pap.
749 1130 843 1196 Ι120.
867 1131 960 1196 Pind.
973 1134 1006 1200 P.
1025 1136 1052 1201 V
1064 1139 1104 1201 32
1118 1160 1126 1202 r
1139 1136 1332 1224 κιράινομι,

238 1241 241 1248 ’
342 1229 383 1294 de
407 1239 465 1313 ’κερ
482 1254 489 1294 :
506 1232 571 1314 κρᾶ
592 1228 744 1315 (κρατήρ)
767 1229 807 1293 ο1.
828 1231 851 1318 ξι
871 1232 910 1292 22
934 1251 965 1313 p.
990 1235 1061 1295 324.

290 1328 321 1402 6)
344 1322 468 1412 ἀρήμιο.
500 1326 591 1392 Pind.
615 1327 650 1391 Ρ.
674 1326 707 1391 ΙΙ
723 1330 773 1392 63.
803 1327 860 1391 lat.
884 1329 988 1392 ονοοο.
1023 1329 1100 1394 Sine
1123 1323 1221 1398 dnbio
1246 1358 1264 1419 η
1290 1353 1331 1399 ex

204 1446 219 1487 ε
243 1423 433 1506 productum
456 1431 519 1489 est:
548 1417 665 1505 Υάρκ,
688 1419 781 1507 ἀρεκ,
803 1421 897 1510 ἀρηγ.
931 1425 969 1491 ο1.
993 1430 1107 1510 etym.⁴
1130 1429 1202 1492 522.

160 1552 163 1560 v
289 1524 322 1597 7)
343 1517 520 1606 πηδάλιον.
551 1520 702 1585 Pind.-P.
727 1524 776 1585 86.
812 1518 919 1605 isped.
948 1518 1083 1601 πέδ-ον,
1106 1521 1245 1590 ned-toa
1269 1532 1329 1592 eto.

205 1621 319 1702 <styra4
341 1620 414 1682 ια».
900 1629 905 1638 ·
1112 1659 1119 1668 ·

290 1712 495 1801 8)(16σηρις.
528 1714 621 1780 Pind.
645 1713 682 1781 Ο.
705 1717 749 1780 VI
775 1718 823 1779 19.
858 1721 914 1781 att.
939 1713 1083 1801 δύσερις.

289 1810 418 1877 Deinde
440 1813 501 1878 huo
523 1812 615 1878 traho
635 1813 793 1877 voeabula
807 1819 842 1878 ut
863 1810 1027 1899 ἐτήτυμος
1044 1836 1051 1878 :
1067 1811 1197 1896 ἔτυμος,
1222 1814 1331 1903 ἱππη-

202 1906 316 1986 λάτας,
342 1907 552 1995 διφρηλάτας
569 1933 576 1974 :
592 1907 721 1975 ἐλαύνω
745 1916 804 1974 ο1ο.
838 1909 877 1975 ο1.
899 1911 977 1976 Ahr.
1002 1909 1034 1975 II
1059 1916 1129 1976 146.

654 2154 659 2162 .
721 2079 812 2161 §aa

204 2219 207 2226 ’
290 2211 400 2274 Altero
427 2211 498 2274 loeo
522 2211 562 2274 de
584 2209 635 2276 iis
658 2211 872 2276 vocabulis
901 2212 1128 2294 exponendum
1155 2219 1217 2294 est,
1248 2234 1331 2296 quae

204 2312 260 2370 aut
288 2313 400 2387 aperte
427 2305 470 2370 ad
497 2305 629 2387 indog.
659 2301 808 2392 formas
837 2315 858 2370 ᾶ
886 2309 1132 2375 exhibentes
1161 2310 1331 2376 redeant

205 2403 314 2467 autin
336 2402 437 2485 ipsis
460 2401 653 2467 dialectis
675 2408 696 2464 ᾶ
719 2411 755 2466 et
777 2426 797 2487 η
820 2405 994 2468 invieern
1017 2413 1156 2470 utantur.

290 2500 359 2563 Huc
381 2506 488 2564 aetem
510 2498 680 2564 referenda
705 2507 795 2563 sunt:

287 2587 325 2678 μ)
345 2597 523 2678 singula:

293 2697 322 2768 1)
346 2681 439 2778 ἧμαι,
463 2689 597 2777 ἥμενος,
619 2684 729 2776 ἧσθαι
741 2698 816 2772 (15).
839 2700 964 2768 sortde,
980 2699 1040 2761 dri.
1070 2697 1175 2778 Atque
1190 2714 1249 2779 ego
1266 2717 1330 2763 non

205 2791 326 2873 dubito,
350 2793 426 2873 quin
449 2789 562 2872 lingua
582 2808 698 2872 graeoa
720 2791 805 2855 lr'ane
819 2791 959 2858 radioem
981 2791 1024 2858 ad
1045 2791 1123 2870 isid
1140 2815 1149 2856 ι
1165 2791 1328 2877 i'd-jopoc,

205 2885 333 2970 ἕξομαι,
357 2885 445 2965 ἕδος,
462 2885 545 2972 ἕδρα
563 2887 784 2971 applicaverit,
807 2897 841 2952 ut
856 2889 917 2953 hoe
931 2889 1027 2955 modo
1043 2896 1075 2956 et
1091 2890 1220 2974 spiritus
1235 2910 1331 2974 asper

204 2992 237 3052 et
259 2987 382 3054 vooalis
403 3010 423 3072 η
447 3004 488 3052 ex
509 2985 528 3047 ᾶ
549 2993 724 3052 orerentur.
757 2986 796 3051 el.
819 2985 945 3052 Curtius
968 2991 1082 3072 etym.⁴
1104 2990 1177 3052 381.

290 3086 321 3160 2)
344 3080 470 3170 ἥμερος
485 3087 551 3163 (18)
568 3104 639 3150 eum
655 3083 694 3149 G.
711 3083 819 3149 Curtio
834 3085 876 3172 ad
897 3080 977 3168 Κατ’,
1001 3079 1042 3171 ἧς
1064 3083 1181 3172 rednoo
1202 3089 1331 3168 (etym.⁴

206 3175 290 3256 381).
323 3177 431 3258 Qnare
448 3200 520 3246 oum
541 3201 705 3264 nunquam
720 3175 757 3245 in
773 3181 919 3246 dialectis
939 3173 1050 3262 *οἶμαι
1069 3201 1126 3266 pro
1143 3175 1227 3268 ἧμαι
1244 3183 1330 3264 lega·

205 3281 266 3355 tur,
289 3274 490 3341 laudaverim
506 3278 698 3343 Ahrensium
714 3279 921 3343 arbitrantem
938 3278 983 3352 (ΙΙ
1001 3283 1072 3355 152)
1094 3279 1252 3359 librarios,
1276 3280 1329 3360 qni

205 3379 305 3455 saepe
332 3368 458 3456 (ἵμερος
486 3373 682 3458 scripserint,
716 3366 902 3440 notissimae
935 3376 1023 3441 voeis
1050 3375 1187 3440 Dorieae
1220 3370 1330 3458 ἁμέρα

206 3470 319 3548 „dies“
341 3469 550 3537 similitudine
571 3470 606 3537 in
630 3489 766 3537 errorem
788 3471 944 3538 abductos
965 3490 1046 3537 esse.

293 3570 325 3645 3)
356 3564 508 3653 μήδομαι
530 3571 606 3646 (36).
643 3574 717 3634 sort.
739 3572 799 3642 md,
826 3570 940 3641 mei-mi,
964 3571 1107 3632 matram.
1140 3567 1328 3655 ο1.μῆ-τις,

205 3662 310 3746 uideo,
333 3662 491 3746 μέόομαι,
515 3663 687 3747 μέδοντες.
798 3755 800 3759 ,

292 3762 325 3836 b)
355 3761 482 3827 Deinde
503 3781 622 3845 parvus
643 3763 756 3828 talium
777 3762 920 3828 radicum
942 3780 1093 3828 numerus
1115 3762 1330 3830 nominandus

207 3864 272 3941 est,
301 3878 434 3942 quarum
463 3860 566 3940 prima
595 3860 697 3925 forma
724 3863 758 3926 in
787 3862 932 3952 nasalem
961 3865 1017 3926 aut
1042 3859 1197 3941 liquidam
1220 3860 1332 3927 exibat

207 3975 352 4040 quaeque
373 3956 623 4039 transpositione
644 3957 729 4023 faeta
742 3957 776 4023 in
792 3955 939 4023 dialeetis
953 3956 1175 4047 aeolo-doridis
1192 3956 1225 4022 in
1242 3959 1330 4024 exitu

207 4060 263 4118 ant
290 4055 394 4119 solum
417 4077 437 4140 η
461 4053 636 4156 exrhibeant
663 4062 719 4120 eut
740 4080 760 4142 η
787 4063 819 4120 et
841 4057 862 4118 ἃ
885 4053 1022 4122 invioem
1035 4061 1187 4121 '‘mntur.
1231 4056 1330 4122 Reate

1071 4157 1126 4208 ιι*
