3208 4928
449 457 626 524 (quaestiones
639 433 861 524 ‘dialcetologicae
878 471 999 524 graecae.
1227 453 1287 515 283

254 627 412 710 Concedo,
434 629 466 694 'si
482 627 612 694 aliunde
627 613 787 694 constaret
802 652 957 713 πατερ-ς,
979 651 1148 709 nornen-g,
1172 626 1291 711 δυσγε-

169 747 264 802 νεσ-ς
279 744 419 808 unquam
434 725 467 789 in
490 745 606 808 graeca
620 727 732 810 lingua
747 746 817 793 esse
840 728 1054 808 pronuntiata,
1077 726 1166 790 illam
1188 726 1291 791 solam

168 822 236 888 lere
250 822 337 886 viam
352 842 393 888 ex
408 824 565 905 angustiis
580 843 651 890 sese
666 824 870 908 expediendi.
908 824 1021 905 Neque
1036 829 1144 888 tamen
1160 821 1203 888 ad
1225 824 1291 888 talc

168 918 342 986 remedium
358 919 604 1003 confugiendum
626 928 683 987 est.
728 922 861 987 Accedit
876 922 970 1000 enim,
994 920 1079 1003 quod
1093 920 1224 1004 linguae
1245 921 1292 984 in·

169 1017 414 1100 degermanicae
442 1019 473 1082 in
497 1038 582 1085 nom.
596 1020 687 1102 sing.
711 1039 818 1085 eorum
841 1019 1021 1099 nominum,
1051 1019 1092 1085 de
1114 1019 1229 1101 quibus
1251 1017 1291 1082 lis

169 1120 227 1196 est,
249 1119 306 1180 aut
319 1135 476 1197 nusquam
491 1121 547 1180 aut
561 1117 723 1183 rarissime
741 1140 769 1180 -s
789 1118 954 1184 exhibent.
992 1117 1188 1183 Veterrimae
1203 1115 1291 1181 enim

168 1211 440 1278 sanseriticae
477 1211 599 1280 formae
636 1213 670 1278 in
704 1215 855 1304 llgvedae
892 1215 1085 1281 carminibus
1121 1215 1288 1297 leguntur:

168 1295 286 1388 matria,
318 1308 426 1382 bitur,
441 1303 593 1374 ‘satanan
623 1311 833 1388 (Grassmann
860 1311 1018 1378 Wbrterb.
1047 1333 1074 1378 a.
1103 1314 1182 1399 [lgr.
1206 1311 1289 1388 VII),

169 1407 352 1473 bactrica
379 1408 490 1490 lingua
512 1407 658 1474 exhibet:
690 1410 772 1491 pita,
801 1419 903 1494 aqmu,
926 1408 1076 1472 baruncio.
1122 1411 1171 1474 De
1197 1427 1292 1491 ger-

169 1504 340 1570 manicis
368 1512 401 1570 et
432 1505 710 1574 litu-slavieis
735 1507 844 1572 formis
873 1507 1066 1573 Leskienius
1094 1525 1197 1589 nuper
1227 1505 1293 1587 egit

170 1602 273 1680 (Decl.
295 1601 338 1666 im
359 1621 459 1684 germ.
481 1601 549 1667 und
570 1603 765 1678 slavo-lit),
786 1622 857 1669 eum
880 1603 1115 1670 demonstraret
1136 1624 1166 1686 p.
1183 1605 1234 1682 20,
1251 1605 1291 1667 23

167 1701 370 1782 germanicas
396 1699 514 1765 formas
536 1700 569 1764 in
598 1707 713 1765 -uret
740 1721 803 1764 -aa
825 1701 962 1784 (fadar,
991 1701 1091 1782 banc)
1114 1699 1156 1764 ad
1179 1709 1239 1762 -dr
1261 1706 1293 1764 et

169 1807 231 1860 -ua
260 1817 326 1861 nnn
356 1819 433 1859 -ars
462 1804 494 1863 et
523 1817 602 1859 -anr
623 1795 736 1863 redire.
780 1800 817 1863 In
840 1798 1054 1864 litu-slavieis
1080 1797 1207 1880 linguis¹
1228 1816 1292 1860 una

168 1893 291 1959 slavica
312 1893 415 1959 forma
435 1893 469 1958 in
491 1915 537 1977 -y,
560 1893 655 1978 lramy
676 1895 719 1960 ad
737 1893 836 1959 *mss
857 1896 1006 1964 recedere
1028 1895 1163 1960 videtur.

253 1992 399 2061 Latina
429 1991 567 2072 deniqne
594 1992 706 2074 lingua
729 1994 875 2060 exhibet:
907 1985 1015 2078 perir,
1040 1994 1150 2069 dator,
1171 2002 1291 2076 pecten,

166 2109 287 2166 amma,
317 2089 429 2161 boans,
460 2089 627 2155 celtica:
664 2089 786 2163 atbair,
822 2089 981 2164 trulleia,
1012 2091 1178 2154 comburam
1206 2093 1291 2172 (gen.

167 2186 426 2268 comitatuum-e),
448 2188 590 2268 ycnteoir
613 2178 766 2270 (janicul).

156 2345 164 2360 ,
254 2283 291 2346 ln
315 2282 375 2347 hnc
395 2284 577 2364 linguarum
599 2283 707 2366 indog.
730 2291 814 2350 statu
835 2287 900 2350 iam
920 2287 1093 2353 Sebererns
1115 2290 1153 2364 (a.
1176 2284 1292 2351 Gescb.

169 2379 202 2443 d.
226 2376 258 2442 d.
278 2378 349 2460 Spr.
373 2400 404 2462 p.
421 2383 495 2455 316)
517 2380 650 2445 nomina
670 2381 737 2460 illa,
760 2381 801 2446 de
823 2383 937 2463 quibus
959 2383 1074 2465 agitur,
1096 2402 1238 2464 unquam
1259 2383 1293 2446 in

169 2496 255 2541 nom.
278 2475 360 2556 sing.
386 2497 403 2536 a
430 2476 581 2542 babuisse
609 2478 755 2558 negavit,
788 2498 853 2542 una
880 2480 1001 2544 vocalis
1034 2481 1053 2541 t
1085 2479 1294 2563 productione

169 2573 402 2638 nominativum
424 2570 635 2654 significatum
658 2592 729 2639 esse
751 2574 924 2640 contendit.
970 2577 1037 2640 Hoc
1059 2578 1120 2642 etsi
1141 2575 1295 2640 audacius

168 2691 266 2754 quam
289 2669 395 2736 verius
419 2669 537 2761 dictum
561 2689 632 2736 esse
653 2670 844 2737 videtur-
865 2693 930 2738 nou
953 2674 1037 2739 enim
1062 2672 1190 2754 dubito,
1217 2673 1294 2756 quin

169 2769 282 2850 lingna
309 2767 368 2832 illa
398 2767 503 2850 prima
533 2767 567 2832 in
596 2768 723 2833 casibus
755 2768 973 2850 significandis
1002 2769 1164 2852 quondam
1196 2791 1294 2835 unam

169 2872 267 2948 atque
298 2864 435 2930 eandem
471 2866 628 2931 rationem
662 2871 772 2933 secuta
800 2866 856 2947 sit,
884 2901 926 2914 -
952 2873 1061 2933 tamen
1091 2867 1172 2933 illud
1201 2868 1291 2932 nullo

169 2963 266 3028 modo
288 2963 400 3051 negari
422 2967 538 3045 potest,
560 2963 594 3027 in
610 2962 758 3029 omnibus
779 2963 844 3030 illis
866 2964 1049 3038 nominibus
1069 2965 1134 3031 iam
1157 2965 1293 3049 prisco

168 3068 369 3144 tempore,
405 3059 439 3124 in
469 3059 660 3141 quibusdam
693 3060 829 3127 fortasse
855 3060 995 3128 iam‘ea
1027 3069 1181 3145 aetate,
1219 3081 1295 3145 qua

170 3157 313 3238 lingua
333 3155 470 3239 indog.
493 3177 570 3222 una
591 3157 681 3241 fuit,
704 3159 808 3225 vocali
823 3166 921 3226 antea
942 3159 1098 3244 producta
1112 3160 1251 3226 litteram
1268 3181 1296 3221 -s

170 3253 361 3319 nominativi
394 3272 465 3319 asse
498 3253 667 3320 abiectam.
716 3254 810 3333 Quod
842 3276 918 3322 vero
950 3276 1020 3322 cum
1054 3258 1101 3323 ita
1134 3257 1188 3340 sit,
1225 3277 1296 3340 pro·

171 3349 279 3415 babile
300 3369 365 3414 non
395 3348 536 3431 videtur,
567 3351 653 3433 apud
675 3351 763 3435 ipsos
785 3352 924 3421 Graecos
945 3354 1106 3435 quondam
1128 3377 1294 3435 πατερ-ς,

170 3469 342 3528 metues-g,
366 3445 563 3530 (inaquam-c
585 3448 737 3514 valuisse.

257 3544 318 3608 Hic
346 3543 504 3626 quispiam
532 3545 676 3610 attulerit
707 3546 825 3613 formas
852 3546 927 3614 illas
956 3547 1136 3614 rarissimae
1163 3543 1295 3630 μάκαρς

172 3642 274 3707 Alcm.
298 3645 349 3706 64.
381 3646 460 3724 χέρς
483 3643 620 3707 Timocr.
644 3646 673 3707 6.
705 3643 744 3709 ci.
767 3645 1046 3726 Abrens112283
1071 3644 1188 3710 dixerit
1210 3644 1295 3710 enim

171 3739 206 3803 in
238 3738 304 3805 illis
340 3739 432 3821 quasi
471 3739 624 3823 reliquias
662 3739 817 3823 quasdam
852 3743 994 3828 conspici
1029 3743 1096 3809 eius
1131 3741 1293 3826 temporis,

170 3856 234 3918 quo
257 3836 374 3902 Graeci
401 3857 613 3903 consonarum
637 3839 846 3921 complexum
869 3863 923 3922 ρς,
954 3864 990 3917 νς
1018 3839 1160 3905 nondum
1189 3858 1298 3923 asper·

172 3932 241 3997 nati
263 3933 337 3998 sint.
380 3935 449 4018 Ego
476 3935 588 4019 paucis
609 3935 673 4002 illis
695 3935 805 4002 formis
826 3936 1046 4019 gravissimam
1068 3936 1159 4004 illam
1182 3937 1297 4021 legam,

172 4048 237 4110 qua
258 4031 418 4112 quondam
435 4032 612 4099 litterarum
636 4057 654 4116 ρ
678 4039 710 4100 et
732 4055 754 4098 σ
775 4034 1029 4101 coniunctionem
1052 4035 1203 4102 critatem
1226 4055 1297 4102 esse
