3218 4934
301 479 362 542 108
793 485 925 538 Baunack

299 678 370 723 eum
400 659 503 742 sigma
527 657 612 723 iuter
632 658 763 723 vocales
784 656 901 722 eiicere
922 663 958 722 ut
979 659 1143 725 Laconum
1164 657 1211 724 ita
1237 658 1427 741 Argivorum

298 756 470 840 peculiaris
498 775 568 821 mos
597 755 656 837 sit,
685 752 776 820 cuius
802 753 850 820 rei
878 757 1028 839 exempla
1049 757 1126 822 Abr.
1150 755 1194 838 ΙΙ,
1217 760 1259 822 78
1287 757 1427 840 collegit.

297 856 341 918 At
363 853 537 920 Dorienses
563 852 831 938 permutationem
852 876 872 915 τ
893 852 928 932 iu
951 876 972 918 σ
993 861 1070 926 ante
1092 880 1105 920 ι
1126 856 1268 921 maxime
1288 855 1427 920 ionicam

296 952 396 1035 plane
416 951 581 1034 ignorant„
609 949 717 1028 Quare
732 948 832 1014 Curtii
855 950 1028 1032 explicatio
1051 953 1161 1030 (Verb.
1177 954 1202 1036 Ι,
1226 957 1301 1028 205)
1322 953 1428 1036 magis

298 1050 460 1132 probatur,
490 1048 544 1130 qui
565 1046 646 1112 iliud
669 1052 731 1114 ποί
753 1067 794 1114 ex
816 1052 954 1127 'tuomy
983 1049 1069 1132 quod
1091 1071 1150 1136 per
1172 1050 1363 1134 epenthesiu
1386 1069 1427 1116 ex

298 1151 382 1210 ποτί
402 1147 521 1212 iactum
541 1152 619 1227 erat,
642 1143 718 1211 deiu
733 1171 746 1209 ι
760 1152 923 1229 postremo
936 1171 956 1210 τ
971 1148 1096 1213 abiecto
1111 1155 1222 1213 uatum
1245 1169 1317 1215 esse
1340 1147 1426 1214 dicit.

299 1243 357 1309 Oui
380 1243 509 1326 quidem
525 1244 673 1326 exemplo
687 1243 854 1326 aptissimo
870 1252 919 1310 est
937 1247 1032 1310 tertia
1053 1247 1232 1328 praesentis
1254 1246 1427 1330 singularis
1461 1283 1466 1292 ·

299 1347 410 1426 φέρει,
433 1361 517 1424 quae
538 1342 630 1406 nulla
650 1340 841 1425 interposita
861 1340 1061 1408 dubitatione
1077 1363 1117 1408 ex
1139 1349 1293 1430 *φερετι
1317 1343 1428 1429 *φερ-

299 1463 382 1504 ει-τι
408 1439 471 1514 (ud.
493 1439 668 1517 bur-uidi),
698 1445 844 1525 *φερειτ
872 1438 940 1515 (cir.
963 1445 1083 1525 φέρεις
1105 1460 1147 1506 ex
1168 1439 1328 1526 *φίρεσι)
1357 1447 1428 1506 orta

298 1543 357 1602 est.
401 1534 513 1602 Obiter
533 1537 595 1602 boc
617 1537 688 1601 loco
709 1536 753 1601 ad
774 1537 989 1620 epentheseos
1011 1538 1206 1620 testimonia,
1229 1559 1313 1621 quae
1334 1539 1387 1604 vel
1407 1563 1426 1622 ρ

298 1638 504 1715 (Πειρίθοος
526 1633 588 1712 (nd.
608 1635 716 1718 pairs),
740 1639 889 1718 Σείριος,
914 1631 1058 1715 ἕταιρος,
1082 1632 1230 1720 ὄνειρος,
1252 1634 1428 1719 μάγειρος)

296 1731 390 1795 veld
419 1732 610 1814 (θεμείλια,
639 1731 782 1808 noctes,
812 1733 956 1809 κοίλιος,
986 1751 1074 1815 cypr.
1098 1731 1203 1798 α’ίλων
1224 1754 1282 1816 pro
1304 1729 1426 1811 ἄλλων)

297 1828 349 1891 vel
365 1853 383 1891 v
406 1827 485 1906 (είνί
500 1833 648 1912 φοίνιος)
663 1829 830 1894 interiecto
845 1848 910 1893 non
924 1849 999 1893 rara
1013 1837 1097 1910 suut,
1120 1830 1204 1917 είλη,
1227 1850 1310 1912 quae
1324 1831 1428 1895 forma

297 1925 406 1990 Curtio
436 1928 574 2008 (Etym.⁴
595 1947 627 2008 p.
651 1930 726 1999 541)
756 1925 919 2008 explicatu
946 1924 1086 1991 difficilis
1108 1947 1180 1993 esse
1201 1926 1338 2010 videtur,
1367 1948 1427 2012 pro

297 2021 432 2106 *ιτεί-ίη
457 2022 524 2106 (cfr.
547 2019 648 2088 ott-sa
670 2029 726 2088 att.
749 2018 850 2088 ἆλ-έα
871 2043 929 2106 pro
951 2023 1069 2089 fad-rot
1092 2023 1218 2102 [δωσίω
1240 2034 1273 2092 et
1296 2024 1425 2104 δωσέω,

295 2123 436 2201 Βορρᾶς
458 2139 500 2183 ex
522 2125 676 2202 *Βοριοις
697 2128 730 2185 et
751 2124 922 2204 Βορ-έαςΙ,
945 2121 1000 2186 cfr.
1023 2119 1152 2208 ἑλ-άνη,
1177 2123 1306 2199 estne)
1327 2129 1427 2205 atque

298 2210 392 2281 εἷσον
409 2215 508 2298 (apud
523 2217 719 2300 Hesychium
742 2215 889 2301 ἀγαθόν)
911 2224 970 2302 prb
993 2217 1128 2284 *ἕο-ιον
1150 2220 1219 2296 (cfr.
1234 2209 1425 2299 do-v=ed,

298 2311 392 2378 ἒσ-λό
400 2337 440 2390 -ς,
463 2321 520 2378 att
540 2311 730 2392 ίσ-θ-ίό-ς,
753 2323 829 2380 oret.
845 2313 941 2392 ἐλλός
962 2317 1108 2394 assimil.)
1130 2316 1252 2383 addere
1274 2318 1382 2415 velim.

383 2445 516 2510 Formas
547 2445 644 2527 igitur
673 2446 782 2511 varias
814 2447 905 2510 nulla
936 2446 1122 2512 difficultate
1154 2448 1229 2514 huic
1261 2449 1423 2514 stemmati

296 2542 373 2607 licet
394 2543 552 2608 inserere:

815 2648 907 2730 proti
939 2603 946 2625 ι

434 2730 1276 2758 ψ

382 2768 487 2846 προτί
665 2789 669 2796 ’
788 2761 917 2848 *nuper
1200 2764 1331 2848 *προσι

594 2888 670 2946 eret.
693 2887 796 2965 πορτί
817 2884 985 2968 pamphyl.
1007 2888 1133 2966 περτω

1227 2917 1316 3001 πρός

365 3155 369 3162 ,
685 3085 758 3167 poti

296 3201 364 3265 dor.
380 3167 1067 3286 commus
1078 3203 1205 3282 (cinzd.
1217 3207 1309 3288 paiti,
1317 3208 1422 3290 pubi)

421 3284 1035 3354 ii.l

388 3351 456 3504 πΙότ
498 3374 562 3420 arc.
583 3374 671 3438 cypr.
687 3353 753 3504 rcelr'g
964 3361 1070 3506 *min

394 3532 442 3571 πο
695 3532 743 3571 πο
997 3514 1061 3573 ποί

366 3675 576 3758 Gravissima,
587 3696 643 3741 cur
654 3677 755 3760 προτί
767 3681 800 3741 et
809 3681 892 3742 ποτί
901 3679 1116 3762 seiungamus,
1127 3668 1240 3760 a'rgiva
1250 3675 1309 3742 illa
1319 3677 1422 3745 forma

293 3794 393 3838 causa
414 3781 473 3856 est,
497 3794 592 3855 quam
617 3773 694 3840 item
721 3793 762 3839 ex
780 3775 873 3857 proti
889 3775 1178 3858 permutationibus
1199 3774 1306 3840 multis
1328 3775 1423 3842 iactis

293 3879 396 3936 ortam
412 3891 483 3937 esse
497 3872 576 3936 mibi
592 3893 658 3938 uon
681 3870 901 3954 persuadetur.
931 3874 1016 3940 Fieri
1032 3881 1139 3938 autem
1158 3891 1264 3954 posse,
1287 3878 1323 3937 ut
1338 3873 1423 3939 duae

294 3969 558 4052 praepositiones,
574 3970 634 4036 etsi
650 3969 798 4034 diversae
812 3966 945 4054 originis
963 3979 1045 4052 sunt7
1062 3977 1172 4035 tamen
1187 3971 1306 4034 seusim
1322 3971 1421 4054 sigui-

293 4064 476 4130 fiuatiouum
496 4065 651 4132 distantia
665 4073 846 4149 exaequata
859 4067 997 4135 eandem
1012 4068 1077 4132 vim
1092 4067 1262 4150 accipiant,
1284 4067 1319 4133 id
1334 4068 1421 4149 quod
