3208 4928
275 415 338 477 302
772 417 908 472 Schrader
951 459 956 466 .

276 609 348 657 esse
368 588 532 655 iudieavit.
565 589 627 654 Ille
648 588 746 671 igitur
768 608 796 656 e.
814 609 846 672 g.
868 586 1020 675 πονηρός
1042 609 1064 655 a
1085 593 1209 667 πονέω,
1232 587 1404 677 πονή-οω,

276 689 328 753 hio
348 708 370 753 a
391 710 488 765 πονο,
511 710 595 752 πονε
620 685 817 754 descendere
838 687 1011 754 existimat.
1058 687 1186 753 Etenim
1208 687 1270 753 hoe
1292 706 1404 756 oonee·

274 783 418 852 dendum
441 789 498 866 est,
521 784 662 868 reliquas
683 785 711 850 si
733 790 860 868 speotas
882 783 970 868 apud
985 784 1126 852 Greeeos
1147 783 1333 851 suffixorum
1350 811 1402 871 ρο,

164 919 166 923 .
273 882 313 947 λο
337 889 482 965 (quorum
505 888 674 964 utrumque
688 882 732 947 ad
746 885 811 948 ret.
825 893 866 947 ra?
879 881 962 948 redit
977 882 1016 947 ei.
1032 883 1125 966 Bopp
1140 883 1242 966 vergi.
1259 883 1402 950 Gramm.

273 980 339 1045 111²
350 983 413 1043 412
425 982 505 1066 seq.)
519 979 736 1062 formationes,
758 997 854 1062 posse
868 978 933 1045 illis
947 978 1070 1046 suffixis
1085 985 1118 1047 et
1132 1000 1153 1046 a
1167 980 1320 1064 stirpibus
1334 999 1405 1047 ver·

273 1076 403 1143 balitus
417 1082 450 1143 et
463 1097 485 1143 a
499 1077 717 1144 nominalibns
731 1077 892 1144 adieetiva
907 1078 1056 1144 derivari.
1080 1078 1172 1144 Mitto
1187 1078 1248 1144 hoo
1262 1078 1332 1144 loeo
1347 1078 1405 1144 ad·

274 1175 392 1241 ieotive
420 1193 461 1241 ex
488 1173 561 1257 ipsa
586 1184 619 1240 et
646 1195 728 1258 pura
755 1174 865 1241 radiee
897 1175 1035 1242 formata
1061 1182 1097 1240 ut
1128 1172 1301 1259 λαμπ-ρός
1330 1182 1403 1242 sert

277 1271 394 1358 dep-ro,
417 1269 556 1356 λον-ρος
577 1278 650 1338 sert.
666 1272 810 1336 nond-roi.
841 1273 946 1357 Magis
967 1272 1100 1339 adrem
1122 1272 1285 1356 pertinent
1306 1273 1400 1340 haee:

318 1413 467 1501 φανερός
488 1412 602 1502 Υφαν
618 1439 626 1481 t
642 1422 714 1482 sert.
735 1413 871 1501 lo'opalas
892 1414 1029 1500 rdomp
1050 1445 1093 1469 =
1116 1413 1264 1500 φοβερός
1287 1421 1402 1503 φοβον

355 1512 512 1598 phenoldo
530 1512 646 1596 pheno.

319 1607 487 1698 φλεγορός
501 1607 631 1694 Υφλεγ
647 1633 654 1674 :
671 1618 744 1678 sert.
761 1612 889 1676 οοὶίπνάο
902 1608 1002 1691 reid
1012 1640 1056 1664 =
1071 1608 1247 1697 φθονερός
1263 1614 1377 1695 φθονο
1393 1637 1401 1678 :

359 1706 531 1772 moddurds
552 1706 667 1769 modim
689 1713 750 1775 eto.

275 1853 345 1920 Hoo
365 1851 462 1936 igitur
484 1870 677 1934 quemquam
699 1859 840 1936 eonstat,
866 1859 976 1920 tamen
997 1852 1177 1919 sententiae
1199 1871 1324 1931 eorum,
1347 1852 1401 1934 qui

274 1946 435 2036 πονηρός,
458 1944 602 2034 ὀκνηρός
616 1954 677 2015 ete.
692 1949 736 2016 ad
750 1951 923 2034 stirpem
937 1949 1186 2018 nominalem
1201 1972 1299 2026 πονο,
1323 1943 1401 2014 ὄκνο

274 2047 432 2116 reduount
458 2045 659 2129 primamque
686 2046 815 2112 illorum
843 2046 1074 2114 adieetirorum
1101 2046 1237 2112 formam
1268 2045 1401 2111 *πονᾱ-

275 2142 350 2230 ρός,
386 2139 555 2224 *ὀκνᾶρός
588 2149 642 2215 (ex
669 2167 860 2229 πονοι-προς
888 2151 944 2211 aut
970 2149 1148 2230 πονᾶ-ρος)
1182 2150 1324 2210 statuere
1352 2163 1403 2210 oo·

274 2249 402 2329 guntrrn
424 2239 698 2323 gravissimae
720 2261 867 2309 eausae
888 2241 967 2308 mihi
988 2237 1155 2309 addensari
1175 2240 1335 2308 videntur.

359 2339 444 2407 Nem
466 2338 603 2422 primum
626 2359 686 2422 ego
708 2339 836 2422 quidem
861 2339 1068 2407 nullomodo
1090 2340 1280 2423 intellegere
1302 2339 1401 2422 potui,

275 2459 339 2524 qua
359 2438 414 2504 via
434 2442 491 2502 aut
514 2455 578 2519 qua
599 2435 641 2503 de
663 2456 761 2505 eausa
781 2439 816 2504 in
838 2437 1006 2506 adieetivis
1027 2437 1093 2503 illis
1114 2437 1221 2521 priseo
1240 2436 1401 2502 roealisd

274 2538 308 2606 in
339 2535 562 2604 aeolo-doricis
590 2554 716 2618 quoqne
746 2535 893 2603 dieleotis
925 2537 959 2601 in
988 2562 1008 2623 η
1037 2541 1160 2602 muido
1188 2542 1283 2602 esset.
1327 2534 1403 2600 Pari

274 2635 361 2702 enim
376 2631 472 2700 modo
495 2636 764 2719 στεφανᾶφορία,
787 2631 1024 2716 πολεμᾶὸόκος
1042 2632 1094 2711 (ef.
1111 2635 1130 2714 ἓ
1149 2636 1181 2710 9)
1204 2653 1400 2720 adremaro,

274 2733 405 2814 πολεμο
428 2730 638 2810 descendunt,
661 2749 767 2813 neque
783 2731 898 2798 inillis
919 2730 1006 2814 apud
1022 2732 1196 2797 Dorienses
1212 2731 1280 2797 ein
1295 2755 1316 2816 η
1334 2749 1402 2796 mu·

273 2832 336 2899 tari
358 2847 456 2914 supra
470 2827 660 2893 monuimus.
691 2827 818 2894 Deinde
837 2847 914 2912 repo
935 2847 1066 2910 neque
1088 2828 1128 2894 in
1151 2828 1403 2895 senseritioa

273 2947 403 3013 neque
429 2927 470 2991 in
497 2925 682 2990 baetrioa
710 2924 855 3008 lingua
882 2924 1092 3009 reperiuntur,
1122 2945 1205 3009 quae
1230 2945 1302 2990 enm
1329 2925 1401 3006 hoe,

274 3045 370 3111 quam
398 3022 447 3089 illi
479 3022 606 3101 volunt,
641 3021 872 3087 adieetivornm
900 3021 1092 3089 formatione
1124 3022 1194 3089 iure
1222 3021 1401 3106 oompamri

274 3121 409 3208 possint.
452 3117 582 3185 Seilieet
603 3117 790 3184 sanseritiea
810 3117 923 3203 lingua
944 3125 1020 3185 ente
1040 3118 1156 3186 suffixa
1175 3140 1224 3192 νο,
1252 3120 1283 3182 lo
1304 3119 1400 3185 inter-

274 3221 350 3286 dum
378 3215 552 3302 productos
578 3215 708 3282 voeeles
734 3221 792 3281 aut
819 3216 1038 3301 diphthongos
1065 3217 1116 3297 (oi.
1147 3231 1213 3289 rra,
1247 3218 1306 3290 ila,
1336 3227 1399 3288 ero,

274 3330 343 3391 πνο,
362 3316 424 3388 nlo,
447 3315 519 3389 oro),
538 3312 678 3395 exhibet,
700 3320 809 3380 tamen
823 3314 926 3380 forma
940 3315 1059 3399 eliqua,
1082 3313 1187 3397 qualis
1202 3320 1287 3380 esset
1301 3312 1401 3402 *plte-

273 3415 379 3487 πᾶνάο,
395 3431 489 3495 quoe,
506 3410 534 3476 si
550 3417 645 3494 esset,
659 3409 732 3478 fieto
752 3412 802 3477 illi
816 3409 992 3498 *πονᾶρός
1005 3410 1224 3496 responderet,
1246 3411 1281 3475 ni
1295 3410 1400 3494 fallor,

273 3533 340 3579 non
361 3510 527 3595 reperitur.
571 3509 622 3576 Ne
644 3510 715 3592 qnis
735 3510 880 3576 attulerit
907 3509 960 3576 hie
984 3509 1103 3576 formas
1123 3508 1199 3575 illas
1220 3507 1400 3574 rarissimas

273 3609 388 3678 suffixo
418 3612 479 3672 ᾶνο
506 3625 549 3674 ex
576 3607 649 3691 ipsa
676 3605 784 3674 radies
819 3607 973 3674 formatas
1008 3614 1044 3672 ut
1079 3607 1245 3690 ‹inp-erae
1269 3629 1277 3670 ε
1300 3602 1403 3688 reip

273 3708 365 3791 ved.;
387 3726 464 3773 nam
485 3704 519 3771 in
541 3704 607 3770 illis
629 3705 751 3771 voeaiis
774 3711 858 3770 dne
877 3705 920 3771 ab
942 3703 1165 3770 aeolo-doricis
1187 3701 1317 3787 quidem
1333 3701 1401 3767 dia·

273 3805 366 3872 leetis
386 3804 496 3871 aliena
517 3808 567 3870 est
588 3801 627 3867 ef.
643 3801 783 3886 σίδᾶρος
804 3802 926 3886 Sepph.
945 3804 1016 3868 119.
1047 3807 1144 3887 etym.
1160 3820 1244 3883 mag.
1261 3799 1401 3882 οίὸᾶρος

274 3901 337 3988 γὰρ
367 3905 532 3987 Δωρικῶς
564 3900 699 3984 λέγεται
730 3900 788 3974 καὶ
816 3899 994 3977 Αἰολικῶς
1018 3921 1026 3964 :
1052 3895 1173 3978 froid.
1210 3897 1249 3964 ef.
1273 3897 1401 3963 Curtius

275 4004 389 4085 etym,4
412 4003 484 4062 245.
