3218 4934
590 523 712 579 Schedae
728 525 925 593 grammatIoae.
951 593 954 598 1
1280 524 1323 586 -97

1278 625 1283 654 ι

197 699 275 758 tum.
315 693 406 773 Quae
428 693 612 761 testimonia
634 671 868 779 apertaplane
889 653 1065 780 neglegens
1087 697 1263 766 Ahrensius
1285 720 1324 767 eo

197 810 292 873 quem
323 791 487 858 attulimus
513 793 584 857 loeo
606 792 666 858 ait:
703 793 815 871 „Ooni
839 792 899 878 ε’ἰῳ
922 794 1037 877 Sophr.
1060 798 1079 858 2
1102 815 1121 861 e
1142 794 1262 862 diserto
1282 795 1325 876 (7)

72 966 75 971 ,
196 887 472 971 grammatioorum
488 890 681 970 testimonio,
697 889 905 957 indicativum
921 898 1029 957 tamen
1045 889 1105 957 ε’ἰω
1119 892 1223 959 minus
1238 900 1324 960 reete

197 983 393 1069 lingentium,
417 1006 488 1053 oum
510 987 625 1071 potius
639 990 859 1055 ooniunotivus
882 987 1019 1054 eandem
1034 989 1156 1055 vooalis
1177 991 1324 1056 mutatio·

196 1103 270 1173 nem
292 1103 407 1167 passus
422 1085 463 1148 sit
479 1104 573 1167 quam
588 1084 813 1152 indicativus.“
842 1085 933 1165 Quae
947 1105 999 1152 res
1014 1086 1208 1153 Abrensium
1228 1087 1321 1153 tellit.

196 1181 254 1246 ast
271 1179 330 1246 ε’ίω
344 1180 555 1247 inditativus:
579 1181 639 1248 e’s'm
657 1206 664 1248 :
680 1177 751 1263 εἶμι
761 1213 805 1235 =
815 1184 898 1250 aeol.
913 1181 1041 1269 ποθήω
1058 1184 1193 1268 (Sapph.
1208 1185 1245 1250 fr.
1261 1189 1321 1249 115

195 1278 273 1343 Ahr.
297 1281 337 1342 26
360 1278 474 1361 ng.):
497 1279 580 1344 aeol.
603 1278 740 1366 πόθημι
756 1313 798 1335 ==
813 1278 943 1368 ἀδικήει
967 1281 1101 1364 (Sapph.
1129 1286 1155 1364 1,
1178 1285 1219 1348 20
1242 1282 1321 1348 Ahr.

195 1371 358 1461 tientes:
396 1377 478 1441 aeol.
509 1371 651 1461 ἅδίκημι
672 1405 715 1429 =
738 1373 866 1458 ὄμνύ-ει
903 1377 948 1454 (in
978 1377 1061 1443 Oret.
1095 1379 1196 1444 titulis
1226 1383 1320 1464 2555,

195 1475 295 1554 2556,
318 1471 434 1538 Aread.
458 1472 539 1538 titul.
563 1477 661 1555 3285,
686 1476 742 1558 23,
768 1478 839 1555 357,
863 1479 957 1557 lap.
981 1474 1088 1555 Fene,
1111 1475 1187 1542 vide
1208 1475 1320 1554 inira):

195 1565 335 1651 ὄμνυ-ιιι
356 1597 400 1622 ==
422 1567 576 1651 dapne-w
600 1593 607 1634 :
630 1566 805 1656 δάμνη-μι.
849 1570 941 1650 Quae
970 1571 1098 1653 quidem
1127 1573 1230 1638 forma
1259 1571 1319 1639 εἵω

193 1666 290 1732 etiam
319 1687 359 1732 ex
391 1666 496 1731 iuturo
528 1665 682 1749 ε’ί-σομαι
711 1665 859 1752 (φή-σω,
891 1665 1037 1751 δρὰ-σω)
1064 1675 1096 1734 et
1123 1670 1241 1736 aoristo
1271 1669 1321 1736 εἰ·

193 1762 303 1850 σάμην
327 1764 499 1852 ι’έ-φη-σα)
522 1769 667 1849 apparet.
702 1764 889 1850 Formarum
911 1762 954 1829 ad
976 1765 1210 1848 coniugationis
1225 1767 1259 1831 in
1274 1791 1318 1831 -ω

191 1863 374 1946 analogiam
398 1862 619 1947 fingendarum
637 1861 777 1928 studium
791 1860 947 1946 imprimis
968 1861 1142 1928 ostendunt
1164 1863 1265 1930 verba
1285 1863 1320 1929 in

192 1985 305 2043 -τυμι,
336 1960 370 2025 id
400 1961 485 2044 quod
513 1959 623 2026 formis
651 1957 915 2043 ἑπιζευγνύουσα
945 1958 1140 2038 (Arehimed.
1163 1960 1205 2027 de
1226 1962 1319 2028 Plan.

191 2059 271 2141 Aeg.
295 2080 328 2141 p.
350 2064 369 2124 5
392 2067 425 2126 et
445 2059 586 2141 saepius)
609 2055 852 2141 ἕπιζευγνυέτω
876 2056 966 2130 (ibid.
989 2079 1020 2140 p.
1040 2061 1091 2132 14)
1114 2053 1320 2125 ἀπεδεικνύ-

191 2181 241 2222 ειν
256 2156 365 2234 (Aroh.
383 2156 478 2221 Aren.
494 2177 525 2238 p.
538 2158 623 2236 326),
644 2155 753 2220 formis
769 2173 848 2236 quas
863 2153 1041 2220 Ahrensius
1057 2155 1090 2218 II
1104 2174 1135 2237 p.
1149 2158 1212 2221 284
1226 2157 1320 2225 affert

192 2251 437 2319 demonstratur.
481 2253 663 2318 Permultae
692 2251 850 2316 eiusmodi
880 2250 1002 2318 iormae
1029 2251 1180 2319 aGurtio
1210 2255 1318 2334 (Verb.

191 2351 216 2431 l,
243 2353 314 2427 158)
347 2355 379 2415 et
404 2370 425 2414 5
453 2350 501 2415 La
522 2349 644 2415 Roohio
670 2347 864 2426 (Zeitsohriit
885 2348 934 2413 ittr
959 2355 1068 2414 ostem.
1093 2349 1210 2433 Gymn.
1237 2355 1317 2418 1876

190 2468 222 2529 p.
240 2451 313 2520 584)
336 2453 410 2511 sunt
432 2447 598 2512 collectae.
641 2446 810 2526 Reliquum
834 2451 883 2510 est
905 2451 940 2510 ut
961 2464 1158 2527 moneamus,
1184 2453 1317 2529 quanto-

134 2535 137 2544 ’
190 2563 268 2626 pere
289 2542 371 2607 illud
395 2541 454 2607 ε’ίω
477 2542 639 2625 conspiret
660 2562 731 2607 oum
753 2542 857 2607 latina
873 2542 975 2608 forma
990 2561 1037 2616 eo,
1061 2559 1156 2623 quam
1180 2563 1221 2609 ex
1242 2542 1317 2608 *oio

190 2641 346 2723 originem
368 2639 506 2706 traxisse
527 2639 623 2705 tertia
644 2637 765 2722 passivi
787 2657 927 2721 persona
948 2639 1046 2700 estur
1069 2636 1171 2705 dooet.

277 2741 307 2814 2)
337 2740 577 2821 προσ-ί-ει·
600 2733 771 2820 ἐγγίζει.
1315 2821 1316 2826 ¹

274 2834 339 2900 ἰ’-ει
361 2841 395 2900 ut
416 2834 541 2918 λέν-ει,
570 2853 628 2917 pro
658 2850 720 2916 quo
742 2830 924 2898 Lobeokius
946 2831 1047 2896 rhem.
1069 2850 1101 2913 p.
1128 2833 1166 2896 18
1188 2832 1316 2898 turbato

189 2932 303 2998 ordine
331 2936 459 3018 προσίῃ
490 2929 601 3017 ἐγγίζῃ
632 2932 748 3016 posuit.
792 2931 835 2995 At
856 2928 937 2993 nihil
959 2928 1092 2995 subesse
1114 2930 1316 3014 corruptelae

190 3029 381 3096 documento
404 3035 479 3094 sunt
499 3031 628 3112 glossae
651 3029 734 3095 duae
756 3027 856 3093 aliae:

275 3131 306 3206 3)
338 3123 609 3192 ὖπ-απ-ί·ει·
633 3122 912 3211 ὑποστρέφει.

273 3224 466 3290 Litterarum
489 3222 588 3290 series
609 3224 737 3306 glossae
758 3220 967 3287 mutationem
990 3241 1055 3287 non
1074 3220 1223 3288 admittit.
1255 3221 1315 3289 (io-

190 3319 268 3384 diois
298 3326 407 3385 tamen
429 3321 618 3386 auotoritate
646 3319 832 3404 posthabita
853 3317 1049 3384 Schmidtius
1074 3317 1126 3385 vel
1156 3313 1311 3406 ,ὗπαπίῃ

187 3410 412 3502 ὗποστρὲφῃ“
434 3417 490 3482 τε)
510 3413 746 3495 ,ὑπάπει(ιθι)
767 3410 985 3501 ὖπόστρεφε“
1014 3414 1164 3496 oonieoit,
1194 3415 1315 3483 Meina-

187 3513 262 3579 kius
285 3511 413 3588 (Philol.
436 3513 501 3579 XII
528 3535 560 3597 p.
583 3516 656 3590 626)
685 3509 838 3598 ὗπαπῄει
866 3509 1060 3599 ὑπέστρεφε
1088 3510 1312 3594 eorrigendum

186 3610 362 3695 proposuit.

273 3710 304 3786 l)
340 3704 594 3787 ῧπ-εξ-ί-ει·
618 3702 906 3788 ὑπεξίσταται
928 3713 961 3773 et
975 3705 1092 3789 legitur
1105 3703 1140 3768 in
1156 3703 1265 3772 oodioe
1280 3712 1313 3773 et

185 3806 362 3872 litterarum
379 3805 492 3871 ordine
506 3803 683 3888 requiritur.
713 3805 845 3871 Mutatio
859 3805 987 3888 igitura
1002 3799 1167 3869 Dindorfio
1181 3801 1215 3866 in
1230 3802 1312 3872 thes.

185 3904 263 3969 VIII
279 3902 313 3969 (I.
332 3902 425 3968 153ss
441 3903 606 3987 proposIta
620 3897 790 3987 (ὕπεξῄεν
804 3897 1022 3983 ὗπεξίστατο)
1037 3900 1093 3966 vix
1108 3917 1310 3984 quemquam,
1326 3947 1328 3953 ι

185 4003 236 4068 eui
258 4002 418 4084 probetur,
441 3999 584 4066 habebit.

271 4097 418 4164 Eundem
440 4097 474 4162 in
496 4098 627 4165 modum
649 4096 803 4182 explicari
825 4104 932 4180 potest
952 4097 1060 4180 glossa

239 4196 341 4240 cunnum
354 4210 376 4240 ιι.
390 4199 517 4248 Reuertar,
531 4199 625 4242 Studien
638 4199 664 4240 X.
1090 4200 1104 4248 I
