3226 4948
543 450 586 505 De
603 449 741 504 Alcmanis
759 454 855 518 poetae
873 449 997 504 dialecto.
1274 445 1334 507 367

209 624 385 691 Dorienses
406 623 440 698 in
463 621 568 706 prima
589 640 672 706 pers.
695 622 776 705 plur.
800 627 861 688 aot.
883 601 1063 688 verborum.
1100 619 1196 704 Apud
1212 621 1339 686 Alema-

212 740 286 789 nem
316 716 568 806 παρήσομες
598 740 628 803 p.
655 724 682 784 1.
709 723 757 784 12.
786 756 828 766 -
856 743 873 784 ν
897 717 1146 802 epheloystioum
1171 718 1266 783 Doris
1288 737 1337 783 re·

212 819 326 902 pudiat
346 819 380 884 in
403 817 497 883 tertia
519 835 602 900 pers.
619 817 789 883 verborum
810 816 844 881 in
859 839 929 881 -ντι
952 822 1106 882 exeunte:
1130 811 1337 892 αἰνέοντι,

213 913 301 981 ἐ’ντι
328 916 366 980 fr.
391 919 440 979 66.
491 913 555 980 Sed
585 915 757 980 instructae
786 921 860 981 sunt
893 914 1088 998 paragogioa
1116 913 1230 994 literar
1255 931 1338 994 quae
1426 933 1435 943 “

211 1013 361 1095 vulgares
382 1012 505 1077 formae
527 1011 727 1094 reperiuntur
750 1009 923 1092 ἐ’χσοσιν
946 1010 982 1078 ir.
1007 1015 1047 1077 34
1077 1017 1108 1077 et
1137 1005 1338 1076 εὕδουσιν

212 1112 248 1177 ir.
273 1115 323 1193 33,
353 1129 448 1193 quam
471 1115 607 1174 metrum
629 1110 709 1174 tueri
732 1109 869 1175 videtur.
913 1111 952 1176 Iu
977 1109 1085 1175 dativo
1108 1108 1225 1192 plurali
1248 1107 1339 1171 Dori-

114 1245 115 1248 *
213 1208 343 1275 ensibus
373 1227 498 1291 quoque
527 1231 544 1271 ν
574 1207 762 1290 permissum
793 1214 876 1289 erat,
906 1208 1015 1290 itaque
1044 1215 1108 1272 non
1136 1205 1339 1270 aLaoonioa

214 1307 352 1372 dialeete
381 1305 488 1371 aliena
510 1311 584 1370 sunt
606 1301 786 1368 θιάσσισιν
817 1311 849 1371 et
880 1301 1137 1386 ὄαιτνμόνεσσιν
1160 1303 1197 1366 ir.
1222 1306 1272 1394 24.
1296 1336 1339 1349 --

213 1403 341 1470 Deinde
368 1402 401 1468 in
430 1403 491 1466 hoo
513 1421 588 1466 oasu
611 1401 771 1484 antiquior
793 1403 888 1468 Doris
910 1408 1039 1484 praeter
1063 1402 1212 1482 vulgares
1234 1399 1340 1465 termi-

214 1501 363 1566 nationes
386 1523 458 1576 -αις
482 1505 514 1565 et
536 1521 608 1574 -σις
637 1501 732 1565 etiam
762 1500 922 1583 pleniores
945 1501 1062 1565 formas
1085 1520 1176 1562 -αισι
1198 1504 1231 1562 et
1251 1517 1340 1560 -owt

214 1598 383 1664 admisisse
406 1596 542 1662 videtur.-
585 1597 749 1678 Leguntur
771 1597 866 1662 haee:
891 1602 1028 1682 φοίναις
1042 1596 1079 1662 fr.
1097 1599 1147 1673 24,
1171 1604 1339 1679 κορυφαῖς

213 1697 251 1760 fr.
269 1699 319 1775 34,
344 1694 518 1774 πελίχναις
532 1694 569 1758 fr.
586 1697 643 1777 743
667 1692 867 1776 καρχάραισι
890 1706 1021 1780 φωναῖς
1042 1695 1080 1758 fr.
1099 1698 1158 1756 140
1182 1692 1239 1764 (sie
1255 1697 1339 1757 reete

215 1794 340 1875 Bergk,
374 1792 541 1874 legebatur
574 1789 809 1877 καρχάρεσσι),
844 1791 952 1878 ῥααῖσ.
986 1813 1017 1876 p.
1047 1793 1096 1856 III
1124 1793 1163 1854 32
1196 1793 1234 1868 (υ
1252 1793 1339 1870 -o);

214 1889 355 1965 πολλοῖς
387 1889 423 1954 fr.
450 1893 504 1968 13,
540 1900 643 1974 σφοῖς
676 1883 894 1974 σἰδελφιδεσῖς
925 1890 963 1957 fr.
991 1893 1047 1970 56,
1072 1885 1206 1964 Ιστάλαις
1240 1887 1276 1952 fr.
1300 1888 1340 1949 63

215 1986 343 2066 (Bloms.
366 1983 518 2064 ιταλσὺς),
548 1991 667 2052 θεοῖσι
691 1993 772 2068 (-o‚
795 1987 897 2054 eodex
919 1991 1032 2066 θεοῖς)
1053 1988 1090 2052 fr.
1114 1991 1170 2068 34,
1201 1982 1341 2049 θιάσοι-

215 2108 269 2150 σιν
294 2086 330 2150 lr.
347 2087 398 2164 24,
421 2080 600 2150 πετάλοισι
621 2085 658 2150 fr.
678 2089 728 2168 39,
751 2083 845 2169 παρὰ
870 2096 1030 2171 σσφοῖσιν
1053 2085 1089 2150 fr.
1114 2087 1153 2148 25
1176 2085 1340 2150 incertum.

301 2185 522 2264 Apoeopen
551 2183 716 2266 patiuntur
746 2184 780 2249 in
803 2183 924 2250 Doride
954 2183 1209 2268 praepositiones
1237 2177 1341 2264 παρά,

216 2276 289 2357 ἀνά,
314 2277 408 2355 κατά,
432 2283 522 2356 ιτστῖ,
546 2300 641 2360 quam
658 2282 805 2346 Alemani
821 2301 1060 2365 nonnumquam
1083 2280 1267 2346 tribuebant
1281 2276 1341 2341 viri

216 2377 301 2444 doeti
316 2381 427 2440 eontra
448 2375 600 2439 librorum
617 2377 853 2443 auctoritatem:
877 2377 960 2460 πὰρ
976 2374 1019 2442 θ’
1039 2375 1130 2460 ἱερὸν
1146 2379 1341 2441 Buttmanno

216 2479 389 2558 praeeunte
419 2473 614 2555 seripserunt
642 2473 781 2540 editores
809 2475 846 2539 ir.
871 2479 910 2539 46
941 2474 1022 2552 (eod.
1045 2471 1140 2557 παρά
1162 2497 1197 2538 τε
1227 2470 1341 2554 ἱερὸν).

215 2569 340 2636 Ibidem
364 2569 465 2634 Cobet
495 2566 564 2652 ιιάρ
587 2594 623 2636 τε
651 2568 744 2657 Ψύρσι
771 2571 945 2653 legendnm
968 2590 1039 2638 esse
1062 2570 1198 2654 oonjeoit
1225 2568 1341 2647 (oodex

216 2665 310 2751 παρά
338 2691 374 2732 τε
403 2663 497 2750 diripe
527 2673 559 2732 et
586 2668 631 2733 sie
660 2669 780 2751 Bergk)
810 2676 843 2736 et
870 2669 907 2734 fr.
931 2671 971 2732 24
1000 2666 1070 2753 πὰρ
1102 2665 1343 2748 δαιτυμόνεσσι

217 2765 341 2848 (codex,
366 2765 474 2847 Bergk
489 2763 606 2848 παρὰ),
629 2767 744 2847 quibus
766 2766 995 2832 mutationibus
1018 2766 1129 2850 oyolioi
1151 2765 1272 2848 dactyli
1295 2783 1342 2830 re-

87 2939 89 2944 ,
217 2865 394 2931 tardantur.
432 2860 526 2946 παρὰ
550 2875 709 2946 σοφοῖσιν
732 2865 1002 2930 {addimentum
1026 2870 1075 2929 est
1097 2869 1129 2928 et
1151 2861 1343 2944 oonjeoturis

218 2969 385 3029 tentatum.
417 2961 551 3026 Duriore
566 2981 711 3045 apocope
725 2963 841 3028 affecta
858 2968 905 3028 est
927 2981 990 3027 vox
1013 2965 1224 3044 καβαῖνιον
1246 2960 1284 3026 ir.
1300 2961 1341 3023 38

218 3061 300 3136 (eod.
323 3063 514 3142 rappotonis
537 3066 648 3126 eontra
670 3064 832 3141 metrum),
864 3079 999 3142 quaeum
1022 3059 1167 3125 conferas
1191 3056 1343 3142 Hesyohii
1373 3055 1376 3064 '

217 3158 356 3240 glossam
380 3154 520 3238 κάβασι,
551 3154 740 3241 κατάβηθι,
772 3177 854 3239 quae
883 3164 931 3224 est
953 3157 1129 3240 Laoonioa,
1159 3175 1222 3240 qua
1245 3155 1285 3220 de
1307 3173 1343 3220 re

161 3273 166 3287 ·
218 3255 363 3320 oonleras
393 3273 475 3336 quae
498 3254 704 3320 Baunaokius
733 3255 880 3338 exposuit
907 3256 940 3319 in
971 3255 1194 3333 „Studiorum
1223 3254 1287 3318 vol.
1310 3253 1342 3318 X

217 3371 248 3434 p.
274 3353 333 3415 109
352 3370 422 3433 sqq.
924 3370 926 3375 ·

303 3448 558 3532 Aphaeresin
589 3448 747 3516 sibilantis
769 3450 803 3515 in
826 3472 868 3514 σκ
891 3458 923 3517 et
946 3471 993 3535 σφ
1017 3450 1194 3532 eonjunotis
1216 3450 1343 3514 Ahrens

218 3547 398 3614 Laeonioae
421 3546 558 3611 dialeoto
581 3545 733 3612 vindieat.
777 3547 842 3613 Sed
872 3549 980 3614 tenuia
1010 3547 1083 3613 sunt
1105 3547 1290 3612 testimonia
1311 3552 1344 3612 et

217 3644 402 3712 recentioris
423 3643 569 3726 linguae3
592 3643 673 3709 nihil
697 3645 854 3728 ejusmodi
876 3645 963 3729 apud
985 3652 1127 3711 nostrum
1150 3650 1289 3727 poetam.

304 3740 390 3807 Satis
411 3743 511 3807 multa
529 3741 687 3806 voeabula
703 3745 804 3809 Dones
819 3744 883 3808 alio
906 3751 1076 3809 aooentu
1099 3741 1275 3808 efferebant
1297 3747 1343 3806 at-

219 3861 281 3924 que
310 3838 421 3920 Attici,
459 3859 553 3922 qnam
582 3859 664 3920 rem,
700 3847 735 3904 ut
764 3861 823 3923 par
852 3847 934 3922 erat,
970 3842 1054 3906 dooti
1082 3840 1280 3923 grammatici
1309 3839 1341 3904 in

218 3937 308 4003 libris
338 3937 462 4002 Doriois
489 3957 554 4002 non
583 3937 807 4021 neglegebant.
852 3938 1097 4022 Conspioiuntur
1127 3938 1264 4003 Doriebe
1293 3958 1343 4002 ra·

218 4035 314 4100 tionis
341 4035 374 4100 in
398 4055 521 4120 papyro
544 4040 652 4100 nostro
675 4040 723 4100 tot
745 4038 909 4121 exempla,
941 4057 1130 4120 quamquam
1154 4037 1341 4121 plerumque
1448 4099 1451 4112 ,
