3208 4928
467 453 644 522 (quaestiones
661 451 878 520 dialectologioae
890 428 1017 518 graecae.
1248 449 1306 512 281

274 630 474 714 Quamquam
502 626 694 711 gaudemus,
730 625 815 710 quod
842 647 863 692 a
889 625 1016 710 pusillis
1048 625 1113 693 illis
1145 633 1178 694 et
1204 628 1312 693 incon·
1437 623 1442 634 '

189 728 348 795 stantibds
363 727 572 792 dialectorum
589 724 825 791 discriminibus
846 723 930 790 inter
951 743 987 791 se
1002 724 1226 809 comparandis
1246 725 1312 790 iam

188 826 293 893 redire
321 824 397 891 licet
424 823 468 890 ad
493 824 599 905 legem
630 823 721 889 illam
755 841 892 906 graecae
920 821 1052 904 linguae
1077 823 1311 906 gravissimam,

189 942 253 1005 qua
276 921 405 990 dialecti
427 940 538 988 omues
564 921 599 986 iu
626 920 708 987 duas
728 926 837 1004 partes
859 919 1054 1003 dividuntur,
1082 921 1118 986 iu
1139 939 1205 1004 eas,
1229 937 1313 1002 quae

189 1026 331 1088 veterem
352 1021 497 1087 vocalem
527 1025 768 1101 oconservant,
798 1025 830 1084 et
859 1018 894 1083 iu
922 1037 987 1100 eas,
1016 1037 1200 1100 quassam
1228 1018 1262 1082 in
1291 1041 1311 1103 η

189 1125 324 1184 mutant.
361 1118 542 1184 Dolendum
559 1123 665 1184 autem
688 1121 736 1183 est
751 1134 847 1198 quam
861 1115 1011 1197 maxime,
1035 1115 1149 1183 deesse
1170 1115 1311 1196 nomina,

190 1215 304 1298 quibus
328 1215 448 1300 duplex
475 1217 534 1282 illa
556 1216 767 1281 dialectorum
790 1213 904 1281 divisio
927 1233 1063 1298 graecae
1084 1220 1117 1280 et
1144 1215 1252 1297 gentis
1281 1221 1313 1280 et

190 1313 321 1396 linguae
342 1313 507 1380 historiam
528 1314 694 1379 illustrans
719 1312 922 1395 significetur.
968 1312 1036 1378 Nos
1058 1312 1120 1378 hac
1140 1312 1175 1376 in
1198 1310 1314 1378 disser-

190 1411 277 1476 tione
299 1411 458 1480 tralaticia
480 1412 612 1477 uomina
639 1409 848 1477 dialectorum
877 1409 1252 1476 aeolo-doricarum
1282 1416 1315 1476 et

190 1508 525 1575 ioue-atticarum
547 1506 760 1591 relinquenda
781 1526 853 1574 esse
874 1528 940 1573 non
962 1506 1224 1574 existimavimus.

276 1605 355 1671 (lum
383 1606 481 1690 igitur
509 1606 550 1673 de
571 1606 643 1689 ipsa
663 1606 736 1688 lege
757 1603 896 1670 dubitari
918 1611 1075 1689 nequeat,
1105 1612 1240 1689 apparet
1262 1605 1314 1671 vel

190 1703 347 1788 imprimis
376 1704 444 1770 eius
474 1703 694 1787 exceptiones,
728 1722 808 1786 quas
836 1709 868 1769 et
896 1704 1014 1769 multas
1040 1708 1072 1769 et
1100 1722 1215 1786 graves
1244 1722 1316 1770 esse

191 1821 289 1884 supra
311 1801 493 1885 docuimus,
523 1800 734 1884 explicandas
755 1801 849 1866 nobis
871 1820 942 1868 esse
964 1801 1160 1885 propositas3
1190 1820 1265 1866 nam
1288 1800 1315 1866 si

190 1899 224 1963 in
252 1899 302 1965 bis
331 1918 457 1982 quoqne
484 1917 617 1966 normae
638 1903 745 1964 certae
775 1903 807 1964 et
834 1898 966 1982 regulae
994 1899 1143 1984 cognosci
1171 1903 1315 1982 possunt,

190 2003 344 2078 quantum
366 1997 428 2062 hac
449 2017 484 2064 re
506 1999 561 2065 lex
581 1995 654 2079 ipsa
676 2001 708 2061 et
728 1993 932 2062 confirmetur
953 2003 985 2063 et
1006 2000 1238 2083 comprobetur,
1260 2000 1317 2065 vix

191 2094 351 2178 estquod
379 2115 537 2162 moneam.
588 2094 864 2176 Quemadmodum
894 2094 991 2178 igitur
1019 2094 1183 2165 Harderus
1215 2118 1317 2183 nuper

190 2193 285 2258 alteri
317 2192 412 2258 huius
444 2194 550 2277 operis
581 2194 664 2278 parti
699 2194 885 2260 satisfacere
912 2193 1034 2278 coepit,
1068 2214 1139 2261 cum
1168 2195 1318 2264 disserta·

190 2289 308 2356 tionem
331 2289 374 2356 de
387 2289 488 2372 alpha
501 2293 606 2358 vocali
620 2291 708 2375 apud
723 2290 896 2356 Homerum
911 2290 1067 2374 producta
1081 2293 1203 2369 (Berlin
1221 2296 1316 2370 1876)

192 2385 362 2467 scriberet,
390 2406 450 2452 nos
472 2388 593 2454 vocalis
615 2413 635 2474 q
659 2389 693 2453 in
715 2386 948 2454 aeolo-doricis
971 2387 1118 2456 dialectis
1139 2389 1226 2457 unde
1248 2397 1318 2456 orta

193 2502 296 2566 quove
318 2481 414 2548 modo
437 2483 630 2566 explicanda
651 2484 694 2551 sit
714 2483 892 2550 accuratius
915 2502 1113 2567 quaeremus.
1229 2503 1232 2509 ’

278 2579 384 2645 Primo
411 2586 519 2646 autem
546 2582 618 2647 loco
647 2581 689 2647 de
715 2581 820 2646 vocali
849 2605 886 2666 q,
916 2598 999 2662 quae
1027 2581 1061 2645 in
1089 2583 1317 2649 vocabulorum

193 2677 383 2742 formatione
405 2685 437 2743 et
458 2677 597 2744 flexione
618 2677 827 2761 conspicitur,
856 2683 923 2742 tum
947 2676 987 2744 de
1008 2678 1113 2744 vocali
1135 2705 1155 2767 η
1178 2681 1212 2746 in
1235 2680 1318 2746 radi-

193 2773 282 2840 cibus
304 2774 411 2858 posita
431 2775 532 2842 verba
553 2775 714 2841 faciemus.

669 3047 795 3124 Carus
821 3047 850 3123 I.
934 3069 937 3078 ·

238 3199 471 3281 Exponitur
499 3199 703 3266 devocati
726 3222 763 3284 η,
794 3216 894 3280 quae
921 3196 963 3262 in
986 3196 1275 3272 vocabulorum

356 3300 604 3366 formatione
626 3305 665 3366 el
688 3299 872 3364 flexione
894 3299 1163 3382 conspicitur.

595 3472 632 3529 A.
663 3473 708 3531 lte
729 3473 910 3530 nominibus.

721 3623 793 3700 §s

281 3744 386 3826 Atque
409 3741 545 3827 primum
561 3741 689 3825 quidem
705 3744 850 3810 vocalem
869 3767 888 3830 q
906 3742 1061 3810 exhibent
1082 3740 1320 3808 aeolo-doricae

195 3860 321 3924 quoque
344 3840 472 3907 dialecti
493 3840 528 3906 in
548 3859 634 3906 nom.
649 3840 731 3923 sing.
753 3847 910 3906 certorum
926 3840 1089 3906 nominum
1112 3837 1234 3907 suffixis
1257 3849 1319 3912 tor,

196 3959 245 4011 aa,
262 3959 341 4012 moa,
359 3959 394 4002 os
408 3939 615 4005 formatorum
636 3956 664 4004 e.
679 3957 710 4020 g.
726 3936 848 4022 πατήρ,
871 3935 983 4024 σωτήρ
997 3943 1022 4013 (2
1033 3936 1168 4025 ῥήτωρ),
1191 3936 1320 4022 ποιμήν

197 4031 371 4119 (reinboto),
406 4031 698 4122 cdyecq'clep'pcrg).
750 4034 836 4101 Illud
869 4059 889 4121 q
923 4035 1055 4102 nomina
1082 4055 1134 4118 ag.
1167 4036 1202 4100 iu
1235 4057 1320 4121 -τηρ
