3208 4928
485 474 663 541 Quaestiones
681 472 904 541 dialectologicae
921 487 1043 541 graecae.
1122 491 1125 499 ·
1264 470 1328 533 263

282 757 377 824 Nova
398 756 483 823 enim
507 775 609 840 nuper
630 756 796 837 dialectus,
820 753 1010 839 Cyprica,
1035 755 1163 838 egregio
1185 755 1324 823 virorum

184 854 362 931 'doctorum
391 853 496 920 studio
524 853 618 920 nobis
647 853 810 938 patefacta
838 858 895 918 ost.
940 851 1074 935 Bergkii
1103 859 1152 919 est
1177 853 1236 929 (tit.
1259 874 1323 921 arc.

196 953 292 1045 Halle
318 955 462 1030 1860161)
493 952 628 1035 primum
658 950 847 1033 cognovisse
876 947 1047 1034 (lypricam
1076 949 1248 1017 dialectum
1278 950 1326 1017 in·

195 1052 294 1117 timae
316 1049 515 1133 cognationis
537 1049 665 1114 vinculo
682 1068 753 1114 cum
768 1045 916 1113 arcadica
930 1067 1086 1114 conexam
1103 1048 1216 1133 luisso3
1239 1067 1323 1131 quae

196 1168 247 1214 res
270 1149 390 1232 optime
410 1147 444 1212 in
466 1145 547 1236 illud
569 1146 714 1229 quadrat,
740 1144 826 1228 quod
842 1144 966 1230 Cyprus
980 1147 1088 1212 insula
1102 1146 1263 1229 quondam
1283 1165 1323 1212 ex

196 1244 337 1311 Arcadia
358 1251 390 1312 et
407 1245 529 1311 incolas
545 1250 576 1310 et
589 1244 737 1309 instituta
751 1244 914 1327 accepisse
929 1243 1061 1327 dicitur3
1085 1243 1124 1310 cl.
1132 1244 1225 1310 Paus.
1234 1244 1322 1309 VIII.

197 1347 226 1408 5.
243 1346 279 1408 2:
296 1339 491 1429 Ἀγαπήνωρ
516 1341 552 1407 δὲ
577 1337 765 1424 ὁΆγκαίου
789 1337 825 1416 ἐς
850 1345 976 1426 Τροίαν
999 1335 1149 1427 ἡγήσατο
1168 1337 1322 1426 Ἀρκάσι.

193 1435 288 1505 Ἰλίου
312 1439 349 1505 δὲ
373 1434 519 1525 ἁλούσης
635 1435 761 1519 χειμών
777 1434 997 1523 Ἀγαπήνορα
1019 1440 1075 1504 καὶ
1097 1437 1137 1502 τὸ
1152 1434 1323 1521 Ἀρκάδων

197 1535 353 1603 ναυτικὸν
375 1533 646 1623 κατήνεγκενοίς
670 1533 809 1618 Κύπρον
833 1537 890 1602 καὶ
911 1534 1038 1621 Πάφου
1062 1559 1098 1600 τε
1124 1532 1322 1620 Ἀγαπήνωρ

196 1633 329 1719 ἐγένετο
353 1632 516 1721 οἰκιστής.

281 1732 350 1797 Iam
372 1751 449 1798 vcro
472 1731 557 1814 quod
583 1730 640 1796 illo
668 1731 778 1815 paucis
801 1729 940 1814 Hesychi
969 1730 1086 1813 glossis
1115 1737 1323 1811 veterumque

193 1829 284 1896 libris
307 1829 395 1896 nisus
418 1829 625 1912 sagacissime
646 1828 791 1910 coniecit,
814 1828 893 1911 ipsis
914 1827 1015 1893 titulis
1038 1826 1157 1910 optime
1181 1847 1322 1910 compro·

193 1927 305 1993 batum
327 1933 385 1993 est.
1150 1969 1154 1974 -

280 2024 405 2090 Licebit
437 2031 562 2105 autem,
595 2043 707 2107 spero,
744 2024 777 2114 in
811 2022 955 2107 generali
990 2022 1083 2088 huius
1115 2022 1324 2105 praefationis

193 2128 309 2186 natura
331 2122 440 2204 paullo
464 2122 582 2187 diutius
604 2121 638 2186 in
660 2119 828 2186 arcadicus
857 2127 889 2186 et
917 2120 1066 2204 cypricae
1089 2119 1216 2186 dialecti
1239 2139 1322 2185 eom-

193 2219 362 2301 paratione
391 2219 521 2285 versari.
567 2220 659 2284 Duae
680 2220 781 2300 enim,
811 2218 845 2283 ni
867 2217 978 2297 fallor,
1008 2236 1059 2284 res
1082 2219 1141 2283 toti
1164 2217 1237 2282 huic
1260 2216 1323 2283 dis·

195 2315 357 2396 quisiticni
390 2315 601 2398 gravissimae
635 2336 675 2382 ex
707 2336 746 2381 ea
783 2314 862 2380 disci
899 2323 1048 2397 possunt:
1085 2315 1221 2398 primurn
1240 2315 1243 2329 ¹
1260 2335 1323 2397 quo

193 2411 290 2475 modo
306 2410 504 2494 digressione
518 2413 603 2477 iacta
625 2431 666 2478 ex
687 2431 752 2476 una
768 2410 905 2476 dialecto
922 2409 1005 2476 duae
1028 2411 1179 2491 oriantur,
1204 2410 1322 2478 deinde

194 2507 306 2590 qualos
329 2507 469 2574 debeant
490 2528 561 2574 esso
583 2507 668 2574 duae
691 2507 835 2588 dialecti,
872 2514 907 2572 ut
929 2506 1056 2572 artioris
1078 2507 1323 2574 necessitudinis

193 2604 324 2670 vinculo
356 2607 545 2672 coniunctae
579 2604 768 2670 iudicentur.
823 2603 893 2669 Hoc
921 2621 998 2669 vero
1031 2593 1127 2668 inodo
1161 2604 1324 2686 utriusque

193 2704 324 2772 dialecti
349 2709 463 2770 natura
484 2710 516 2770 et
538 2703 683 2769 condicio
706 2701 827 2784 optime
849 2702 998 2783 cognosci
1024 2706 1168 2784 possunt.

737 2869 778 2936 A.

258 2984 283 3050 Ι.
316 2983 482 3050 Praeter
510 3001 645 3048 omncs
668 2983 852 3064 reliquas
875 2980 1031 3047 dialectos
1053 2979 1322 3066 oscado-cyprico

191 3082 242 3149 his
265 3085 360 3150 rebus
381 3080 518 3164 insignis
541 3086 605 3146 est:
958 3110 961 3114 ·

302 3185 329 3243 1.
366 3185 472 3260 genet.
496 3177 512 3241 I
534 3196 631 3243 masc.
655 3178 737 3258 sing.
759 3195 822 3243 arc.
849 3178 1007 3261 Θρασέαν
1031 3172 1069 3240 ο1.
1086 3173 1215 3240 Gelbke
1237 3172 1321 3238 stud.

366 3275 464 3339 1123.
480 3293 569 3358 cypr.
582 3271 811 3356 Ὀνασαγόραυ
827 3272 875 3338 Id.
891 3275 920 3337 2.
941 3267 1187 3356 Ἀρισταγόρου
1196 3270 1319 3336 XVIIl.

369 3370 410 3437 (1ο
431 3370 632 3454 Pamphyliis
654 3369 693 3435 ol.
716 3371 736 3450 ξ
759 3375 778 3434 5
802 3370 838 3434 Β.
861 3389 888 3450 ο,
905 3372 935 3434 2.

301 3469 330 3532 2.
367 3474 473 3550 genet.
496 3467 529 3531 ΙΙ
549 3485 647 3532 maso.
670 3466 751 3548 sing.
774 3465 808 3530 in
830 3489 904 3532 -ωο,
927 3485 992 3532 aro.
1013 3466 1111 3531 των-1
1133 3468 1181 3528 τοῦ
1203 3461 1283 3542 ἑπιζ
1306 3499 1323 3514 -

367 3569 435 3647 μίω
450 3571 514 3647 teg.
527 3567 566 3630 38
582 3583 671 3648 cypr.
686 3559 920 3647 Φιλοκύπρων,
941 3554 1192 3646 Ὀνασικύπρων
1208 3560 1247 3627 ol.
1259 3560 1324 3625 Ah·

369 3681 443 3728 rcns
465 3662 578 3746 philol.
600 3660 740 3726 XXXV.
761 3663 807 3723 12.

301 3765 331 3829 3.
369 3755 438 3826 ἄνού
461 3779 488 3825 ο.
505 3758 570 3825 dat.
594 3778 657 3826 arc.
673 3754 742 3823 dmi
764 3761 807 3843 τᾷ
830 3749 870 3821 dv
893 3749 1003 3842 ἁμέρᾳ
1024 3761 1087 3840 teg.
1105 3760 1124 3820 4
1146 3774 1234 3840 cypr.
1251 3750 1320 3820 ἀπὺ
1420 3775 1424 3788 ’

367 3862 425 3922 coit
447 3855 502 3936 ζᾶι
528 3856 576 3921 Id.
594 3859 623 3922 8.

174 4037 177 4042 ¹
300 3962 330 4022 4.
367 3952 403 4032 ἐς
426 3973 452 4020 c.
476 3952 542 4020 dat.
565 3953 650 4031 (loc.)
680 3971 744 4018 arc.
768 3949 805 4029 ἐς
825 3961 881 4016 τοῑ
903 3948 997 4036 ἔρροι
1022 3954 1086 4034 teg.
1109 3953 1147 4015 51
1173 3970 1261 4036 cypr.
1285 3947 1324 4030 ἐξ

367 4063 423 4118 col
443 4055 560 4118 fotuns
583 4049 632 4117 Id.
650 4053 678 4114 6.
