3208 4928
800 469 892 540 Spiess
967 543 972 546 -

677 675 802 753 Ouru'r
828 701 1012 754 naussum

367 832 539 913 Postquam
562 829 722 913 praemisi,
746 848 829 912 quae
851 831 933 896 seire
955 851 1035 913 opus
1057 840 1106 898 est
1113 879 1121 912 ,
1144 839 1317 914 antequam
1342 831 1418 901 dia·

281 929 400 996 lentum
423 930 587 995 Alemauis
608 947 649 994 ex
678 929 757 1010 ipsis
786 927 974 1012 fragmentis
995 948 1187 1012 eoguosoere
1209 929 1414 1010 studeamus,

278 1027 349 1110 jam
379 1025 617 1092 enumerandae
645 1033 718 1090 suut
749 1026 840 1091 libris
873 1025 1006 1092 duribus
1036 1026 1243 1094 Alemauieae
1275 1028 1412 1108 formae,

282 1119 437 1206 quotquot
458 1123 492 1188 in
514 1115 644 1188 eeusum
666 1123 817 1205 voniuut3
848 1142 911 1205 qua
932 1125 966 1188 in
989 1143 1024 1188 re
1045 1143 1066 1189 o
1088 1123 1245 1190 Laoouioa
1269 1124 1412 1191 dialeoto

173 1237 182 1248 ·
283 1221 463 1302 antiquiore
485 1238 612 1303 semper
634 1219 897 1304 profioiseeudum
921 1227 979 1286 est.

733 1379 777 1435 De
799 1379 961 1436 rotalibus.
1080 1365 1082 1369 ⁴

465 1493 484 1571 ἓ
508 1497 537 1557 6.
583 1493 637 1558 De
656 1457 680 1555 ⁸oc
704 1494 864 1557 vocalis
887 1513 957 1557 usu
980 1493 1225 1576 Alemanieo.

369 1611 496 1675 Voealis
519 1633 540 1674 α
562 1632 660 1693 purus
682 1631 780 1676 sonus
802 1610 889 1694 apud
913 1599 1015 1677 Dores
1034 1613 1197 1678 etAeoles
1218 1613 1318 1676 multo
1340 1631 1409 1678 ore·

282 1706 371 1773 brius
386 1707 577 1774 audiebatur
592 1727 687 1790 quam
703 1710 736 1772 iu
759 1709 918 1773 communi
933 1709 1125 1793 Graeoorum
1143 1709 1290 1775 dialecto.
1324 1710 1408 1774 Nam

282 1806 419 1890 primum
448 1825 487 1872 ea
514 1806 601 1889 apud
629 1805 703 1870 illos
731 1810 882 1889 apparet,
912 1791 970 1871 'urbi
997 1807 1093 1872 Attioi
1121 1807 1281 1890 oeterique
1311 1807 1408 1873 Ioues

283 1903 461 1969 molliorem
492 1924 509 1965 e
537 1903 805 1986 pronuntiabant,
838 1903 872 1966 in
901 1923 1019 1986 magna
1047 1904 1273 1970 vocabulorum
1304 1904 1408 1986 eopia.

282 2000 395 2067 Brevis
425 1998 697 2082 quidemvoealis
719 2000 776 2068 ille
798 2020 873 2066 usus
895 2002 929 2065 in
959 2002 1071 2086 paneis
1093 2002 1295 2084 eonspieitur,
1324 2020 1409 2083 quae

282 2098 418 2162 fortasse
447 2117 512 2161 uon
541 2097 648 2160 omnia
681 2097 767 2161 omui
797 2097 908 2162 Doridi
943 2107 1017 2163 sunt
1049 2100 1238 2164 eommunia.
1288 2101 1407 2164 Eorum

283 2193 370 2277 apud
387 2195 574 2258 Alemanem
596 2195 662 2258 alia
684 2212 753 2258 eum
770 2218 791 2257 o
806 2195 872 2260 alia
887 2214 957 2260 eum
975 2220 990 2260 ε
1006 2197 1159 2262 instructa
1177 2203 1290 2263 extant
1311 2197 1406 2260 haee:

155 2299 169 2322 ν
279 2286 533 2371 Ἀρτέμιτος
568 2288 768 2374 θεράποντα
797 2293 985 2358 Eustathius
1018 2293 1060 2358 ad
1089 2293 1149 2358 Od.
1182 2297 1330 2376 p.'1618‚
1364 2297 1407 2358 29

282 2407 324 2454 ex
340 2408 377 2454 eo
392 2389 500 2469 affert,
524 2388 673 2454 Dorioam
689 2389 816 2456 mediae
831 2393 1036 2456 consonantis
1051 2394 1260 2458 mutationem
1276 2391 1407 2473 doeens,

237 2567 239 2571 ι
282 2505 353 2551 oum
376 2487 440 2550 alio
463 2486 533 2552 looo
557 2487 610 2565 (ad
632 2487 671 2551 Il.
688 2491 760 2568 969,
781 2493 811 2563 7)
834 2487 877 2552 de
892 2511 913 2550 α
930 2489 1024 2570 hujus
1047 2491 1135 2554 voois
1157 2496 1306 2556 testetur:
1329 2491 1407 2552 Δω-

283 2594 369 2668 ριεῖς
390 2581 453 2667 γὰρ
477 2579 524 2661 ὥς
547 2605 652 2670 φασιν
668 2585 701 2650 οἱ
718 2586 866 2664 τεχνικοὶ
887 2590 1025 2668 τρέπειν
1049 2583 1216 2652 εἰώθασιν
1239 2582 1345 2662 οὕτως
1366 2585 1406 2650 τὸ

281 2685 388 2763 τρέχω
403 2679 514 2764 τράχω
530 2682 587 2746 καὶ
601 2680 662 2768 τὴν
683 2679 834 2766 Ἄρτεμιν
850 2678 1016 2765 ’Ἀρταμιν
1038 2684 1096 2748 καὶ
1115 2682 1155 2748 τὸ
1171 2682 1332 2766 κύπειρον
1349 2682 1408 2748 κύ-

282 2802 407 2861 παιρον
425 2779 468 2844 es.
482 2778 602 2844 Herod.
618 2803 654 2844 ττ.
670 2804 743 2861 μον.
760 2780 882 2860 λέξεως
906 2783 934 2860 8,
958 2783 1008 2845 23.
1053 2782 1184 2864 Legitur
1202 2777 1407 2866 Ἀρταμιτίῳ

281 2875 315 2940 iu
332 2877 464 2960 Lysistr.
484 2879 576 2940 1251.
612 2876 755 2943 Adnotat
771 2878 877 2960 Bergk
893 2878 929 2941 lr.
950 2883 1024 2942 101:
1048 2885 1186 2945 ueterum
1203 2879 1407 2945 seribendum

282 2973 409 3037 videtur
431 2970 637 3055 Ἀρτάμιτος.
660 3010 701 3020 -
723 2996 766 3057 ya
789 2974 840 3048 (el.
867 2975 1000 3056 Lysistr.
1025 2981 1083 3040 105
1107 2977 1246 3059 saepius)
1269 2977 1408 3057 legimus

283 3069 436 3133 ediserto
452 3069 615 3150 Apollonii
638 3070 679 3134 de
700 3071 908 3159 p1·on.324B
931 3073 1112 3138 testimonio
1134 3075 1314 3157 pronomini
1336 3093 1410 3158 per·

283 3164 386 3229 sonali
409 3164 570 3247 adjeotum
594 3162 753 3249 ἐ’γωνγα
776 3167 813 3232 fr.
837 3173 888 3232 51.
908 3182 950 3212 ·-
976 3167 1102 3252 ἱερὸν,
1127 3191 1209 3253 quae
1231 3191 1297 3236 vox
1319 3178 1351 3236 et
1372 3173 1407 3236 in

282 3261 390 3325 multis
412 3262 484 3326 aliis
506 3262 608 3328 titulis
632 3271 663 3328 et
684 3265 717 3328 in
733 3265 890 3330 Laeonieo
914 3264 950 3330 d.
965 3267 990 3331 Ι.
1007 3267 1045 3332 G.
1065 3273 1101 3332 13
1126 3288 1184 3350 per
1206 3294 1227 3333 α
1249 3268 1405 3351 scribitur,

283 3366 371 3423 extat
393 3360 431 3424 lr.
448 3364 497 3424 46.
539 3361 599 3425 Pro
622 3361 754 3427 Maximi
777 3363 929 3443 Planudis
953 3365 1090 3430 leetioue
1113 3365 1204 3448 ἱερὸν
1227 3368 1263 3432 tr.
1281 3373 1320 3432 45
1345 3367 1408 3432 He·

284 3456 430 3537 phaestio
458 3455 575 3542 ἵμερον
604 3459 749 3540 exbibet,
779 3480 871 3542 quem
903 3462 1002 3525 seeuti
1031 3469 1104 3526 sunt
1132 3463 1280 3529 editores.
1324 3465 1405 3528 Item

283 3573 341 3634 pro
365 3552 550 3640 ἱερόφωνοι
573 3553 610 3620 fr.
634 3559 685 3635 26,
711 3561 723 3619 1
757 3559 950 3640 seripserunt
977 3556 1193 3648 ἱμερόφωνοτ.
1239 3562 1342 3627 Aliter
1364 3561 1406 3628 de

284 3648 334 3718 his
356 3652 487 3716 vocibus
512 3651 638 3733 judicat
659 3652 800 3734 Ahreus,
831 3655 885 3736 qui
912 3674 1030 3719 novum
1055 3658 1245 3722 vocabulum
1268 3659 1329 3724 sibi
1351 3657 1406 3724 de·

284 3749 403 3812 texisse
425 3748 550 3814 videtur
575 3747 667 3829 ἱερὸς
690 3751 747 3823 ντὶ,
766 3748 862 3842 ι’ρρὸς
884 3745 937 3815 vei
968 3750 1083 3834 εἰαρὸς
1111 3775 1169 3838 pro
1201 3754 1331 3840 διερὸς,
1364 3756 1405 3822 de

284 3862 345 3923 quo
362 3845 427 3926 egit
442 3846 557 3910 Philol.
574 3845 703 3910 XXVII
713 3867 744 3928 p.
762 3851 823 3912 585
839 3868 907 3930 sqq.
923 3845 1115 3930 doetissime,
1139 3853 1196 3917 sed
1212 3855 1347 3932 nonita,
1370 3863 1406 3918 ut

283 3940 361 4004 mihi
385 3943 579 4024 persuadere
600 3943 711 4026 possit.
745 3979 787 3990 -··
820 3968 862 4008 κα
888 3947 1086 4028 respondens
1109 3950 1216 4014 lonioo
1237 3973 1291 4027 τε,
1322 3970 1405 4032 quae
1472 3977 1473 3982 ¹

214 4047 225 4062 “
283 4044 333 4104 est
347 4039 528 4105 terminatio
543 4040 767 4105 adverbiorum
783 4042 944 4122 temporis,
968 4044 1083 4125 legitur
1098 4046 1304 4128 compluries:
1329 4043 1404 4112 ὅκα
