3194 4936
261 445 301 505 60
756 447 888 501 Baunack

388 616 559 704 dywytg·
588 614 771 702 ἄγωμεν·
799 613 984 702 Ἀργεῖοι
1007 619 1088 692 (cod.
1112 617 1259 704 ἄγωγίς).

262 715 332 782 Oui
348 712 791 801 diy-w-yterespondet
811 712 852 780 in
875 716 1017 796 lingua
1040 715 1245 782 sanserita
1267 712 1382 798 αφ’-6-

260 835 331 877 ces
359 820 392 880 et
420 812 470 877 cd.
493 811 717 874 oz-d-ocdi.
762 811 957 877 Terminatio
987 835 1040 896 γις
1068 815 1165 896 igitur
1189 812 1271 877 nihil
1292 812 1383 877 aliud

260 910 324 978 nisi
353 931 423 984 cas,
453 929 548 992 quam
578 909 708 990 linguae
731 909 827 975 Asiae
855 916 1011 991 cognatae
1039 917 1162 977 tutatae
1189 915 1279 991 sunt,
1310 929 1383 976 esse

261 1008 339 1074 milri
367 1007 503 1072 videtur.
547 1027 599 1090 ytg
629 1027 669 1071 ex
698 1027 752 1068 cos
779 1013 880 1070 ortum
909 1013 958 1072 est
986 1008 1044 1072 uti‘
1061 1008 1190 1073 dialecti
1217 1007 1383 1073 cuiusdam

261 1106 364 1170 forma
391 1107 521 1186 γισ-τία
552 1107 615 1186 (ap.
644 1102 783 1186 Hesych.
817 1101 954 1186 ἐσχάρα)
984 1123 1025 1170 ex
1053 1103 1215 1170 *rso-cta
1247 1103 1382 1182 (do-cto)

221 1275 229 1294 Ι
262 1203 283 1266 i.
307 1220 333 1267 e.
363 1199 502 1264 *ecs-tid
530 1201 628 1278 (Ourt.
658 1202 781 1285 Etym.¹¹
811 1221 841 1284 p.
865 1203 955 1283 400),
986 1209 1020 1266 ut
1050 1199 1183 1284 ἱμάτιον
1212 1223 1253 1269 ex
1281 1199 1383 1266 *rto-

261 1296 382 1381 μάτιον
415 1300 467 1365 vel
501 1299 616 1364 rectius
649 1295 877 1378 *reo-yrdtcou
909 1297 975 1377 (cir.
1009 1318 1129 1365 sanscr.
1164 1320 1319 1363 oon-mon·
1352 1307 1384 1366 et

262 1399 461 1474 occano-m),
477 1403 512 1460 ut
525 1401 601 1481 γίαρ
618 1401 682 1480 (ap.
699 1395 836 1481 Hesych.
853 1393 926 1481 ἐἀρ)
942 1415 982 1462 ex
999 1395 1146 1481 *rao-op
1162 1397 1182 1460 i.
1199 1416 1227 1462 e.
1246 1394 1384 1461 *vas-ar

263 1495 329 1566 (olr.
360 1512 481 1559 sanser.
509 1503 699 1567 var-antor,
728 1493 777 1559 ad.
806 1490 978 1568 codd-rod.
1024 1495 1079 1560 De
1109 1493 1297 1577 digammi
1325 1494 1384 1558 vi-

262 1591 371 1657 cario
393 1612 413 1673 γ
434 1589 561 1656 disertis
583 1591 773 1658 testimoniis
795 1591 920 1656 traditis
941 1597 1067 1656 constat
1087 1610 1199 1672 voces,
1230 1610 1313 1673 quae
1336 1591 1382 1656 di-

262 1707 388 1770 gammo
404 1688 578 1770 antiquitus
593 1696 685 1754 erant
698 1690 881 1768 instructae,
904 1689 1033 1770 saepius
1048 1688 1134 1773 apud
1157 1690 1385 1769 grammaticos

263 1791 295 1850 et
314 1785 564 1869 glossographos
585 1808 605 1870 y
626 1787 660 1852 in
682 1787 785 1851 lronto
806 1785 937 1850 habere.
967 1785 1006 1850 Id
1021 1787 1161 1851 maxime
1181 1786 1215 1850 in
1230 1786 1385 1870 Hesychii

263 1883 366 1947 lexico
388 1883 596 1976 conmicitun
627 1883 772 1948 conteras
794 1886 860 1966 γίς·
886 1879 987 1962 ἰσχύς,
1010 1887 1120 1966 ysaac·
1146 1880 1228 1962 ἰτέα,
1251 1880 1384 1966 γισχύν·

265 1975 367 2058 ἰσχύν.
398 1979 510 2061 Neque
530 1982 688 2062 exempla,
712 1999 796 2062 quae
810 1978 917 2045 media
938 1979 971 2044 in
994 1999 1073 2045 voce
1095 1979 1177 2044 illud
1195 2001 1215 2064 y
1230 1979 1384 2062 digammi

262 2075 414 2142 vicarium
437 2077 629 2159 praebeant,
660 2077 791 2143 desuntc
828 2077 929 2142 habes
952 2077 1037 2142 enim
1060 2073 1272 2159 ἂγατᾶσθαι·
1301 2076 1384 2160 βλά-

255 2168 431 2252 πτεσθαι,
461 2170 645 2260 ἆγάτημαι·
668 2171 875 2257 βέβλαμμαι,
904 2171 1074 2258 μώλυγερ·
1104 2171 1146 2238 τὰ
1168 2170 1270 2255 duodo
1293 2174 1383 2256 ξύλα,

262 2270 316 2334 ubi
339 2269 501 2352 digamma
523 2289 564 2335 ex
586 2272 690 2336 vocali
713 2291 794 2354 quae
815 2270 978 2338 antecedit
992 2279 1027 2337 ut
1048 2272 1081 2337 in
1104 2273 1232 2357 cyprico
1255 2273 1384 2340 nomine

263 2363 518 2443 Εὕιτ-έλθοντος
548 2366 647 2442 (eurr.
677 2368 766 2434 stud.
790 2369 851 2434 VII
879 2391 910 2452 p.
935 2372 1011 2450 228,
1047 2369 1096 2434 cui
1122 2370 1297 2454 respondet
1319 2368 1384 2436 Εὖ·

264 2461 377 2527 taem
406 2463 439 2526 in
469 2464 618 2547 delphica
645 2466 853 2549 inscriptione
878 2469 932 2546 18,
956 2470 1016 2544 218
1047 2487 1099 2550 ap.
1121 2467 1329 2536 Wescherum
1352 2476 1385 2535 et
1499 2472 1501 2476 ’
1585 2497 1586 2518 ι

155 2614 158 2620 .
264 2560 479 2635 Foucartium)
502 2568 535 2626 et
556 2562 590 2626 in
611 2563 754 2629 laconico
773 2560 966 2651 Εὕβ-άλκης
987 2568 1087 2644 (1636
1113 2568 1148 2628 17
1173 2580 1224 2649 ap.
1249 2567 1385 2632 Foucar·

263 2658 341 2723 tium
364 2659 397 2722 in
421 2657 511 2740 libro,
541 2661 593 2743 qui
622 2661 847 2745 „Explication
870 2662 928 2728 des
950 2662 1153 2745 inscriptions
1175 2682 1329 2746 greoques
1352 2669 1384 2728 ot

263 2755 401 2821 latines“
423 2756 615 2833 inscribitur)
639 2764 688 2824 ost
710 2765 849 2838 enatum,
872 2779 932 2825 nec
953 2759 1058 2824 minus
1080 2755 1212 2846 ὀφρυγή
1236 2760 1384 2839 (Theoor.

265 2855 315 2935 30,
333 2858 363 2928 7)
387 2852 524 2919 eandem
538 2857 803 2938 permutationem
819 2876 917 2941 passa
932 2863 980 2923 est
1002 2855 1100 2933 (Ourt.
1115 2859 1239 2942 lltym.⁴
1253 2879 1285 2941 p.
1299 2860 1385 2934 586).

265 2953 370 3031 Atque
385 2949 481 3015 etiam
497 2969 537 3016 ex
551 2952 812 3036 inscriptionibus
827 2953 977 3036 exempla
991 2953 1097 3020 afferri
1114 2961 1257 3036 possunt.
1288 2955 1385 3020 Nam·

265 3067 327 3128 que
361 3047 457 3112 ionici
492 3049 630 3116 nominis
665 3058 838 3134 genetvum
871 3048 1030 3133 Νέγωνος
1065 3050 1168 3125 (Stud.
1202 3051 1230 3116 V
1266 3072 1298 3135 p.
1322 3054 1385 3116 269

231 3181 232 3186 1
265 3163 311 3209 vs.
336 3147 367 3219 2)
391 3163 430 3210 ex
452 3143 612 3225 Ne'rtovog
635 3149 702 3228 (cir.
725 3168 845 3214 sanscr.
867 3169 986 3222 uoco-s,
1010 3149 1065 3213 lat.
1089 3167 1199 3223 accus,
1222 3148 1385 3233 cypricum

265 3239 465 3307 verbosetur
487 3279 530 3289 -
551 3244 642 3311 stud.
666 3244 729 3310 VII
756 3267 787 3328 p.
811 3249 872 3310 237
896 3251 950 3320 -l
979 3251 1081 3310 ortum
1110 3240 1181 3312 esse
1208 3246 1354 3311 arbitror.
1363 3247 1385 3321 ¹)

266 3339 348 3407 Dein
370 3341 503 3407 alterum
520 3344 701 3426 exemplum
724 3342 982 3427 pamphyliarum
1005 3341 1245 3426 inscriptionum
1268 3360 1385 3407 nomen

264 3436 456 3521 Νεγόπολις
471 3445 528 3520 est,
552 3439 593 3506 de
609 3460 670 3522 quo
686 3438 928 3522 Siegismundus
947 3438 1029 3505 stud.
1045 3440 1093 3505 IX
1116 3461 1147 3523 p.
1164 3443 1205 3505 96
1228 3439 1386 3523 exposuit.

335 3573 353 3636 ¹)
371 3571 498 3626 Similiter
511 3572 619 3641 Delphii
638 3571 777 3626 cuiusdam
788 3571 897 3636 (Herod.
910 3575 934 3636 6,
948 3576 988 3635 66)
1003 3587 1100 3626 nomen
1115 3567 1215 3638 Κόβων
1226 3587 1260 3626 ex
1272 3572 1385 3624 Kar-ov

263 3666 280 3705 a
297 3651 390 3706 radice
406 3669 457 3704 xor
476 3653 561 3719 (Ourt.
579 3653 669 3722 Etym.
687 3669 713 3720 p.
732 3655 793 3717 1513
812 3649 906 3702 Κό-ων
924 3651 1033 3720 saepius
1051 3651 1203 3726 invenitur),
1221 3651 1386 3721 Syracusani

265 3731 403 3786 cuiusdam
425 3747 523 3787 nomen
541 3729 650 3784 Βόλκων
674 3731 762 3796 (Diod.
781 3731 834 3785 Sic.
856 3737 895 3796 11,
914 3735 956 3798 91)
980 3747 1014 3787 ex
1036 3730 1159 3784 fidia-ov
1175 3747 1192 3785 a
1209 3731 1302 3787 radice
1323 3733 1384 3784 falx

264 3812 348 3878 (curt.
366 3813 454 3884 Etym.
472 3830 498 3882 p.
520 3817 589 3876 136),
614 3811 767 3867 laconicum
785 3810 948 3877 Καβωνίδας
970 3815 1029 3878 (168
1052 3827 1096 3882 ap.
1113 3811 1291 3866 Foucartium
1313 3812 1331 3866 l.
1349 3816 1385 3878 c.)

264 3909 298 3948 ex
317 3893 492 3950 Kar-ovidae
510 3909 527 3947 a
543 3893 636 3948 radice
658 3910 711 3944 aar
735 3891 821 3955 (Gurt.
840 3891 928 3962 Etym.
946 3909 972 3960 p.
995 3897 1065 3960 144),
1088 3908 1181 3948 vocem
1203 3891 1276 3960 apud
1297 3891 1383 3960 Hesy-

264 3975 353 4028 chium
370 3976 521 4028 exstantem
538 3974 693 4044 κάβ-αρνοι·
713 3969 742 4025 οἱ
758 3974 804 4036 τῆς
814 3971 956 4042 Δήμητρος
975 3969 1061 4042 ἱερεῖς,
1081 3971 1116 4030 ὡς
1131 3973 1233 4041 Πάριοι
1244 3972 1278 4026 ab
1291 3971 1383 4026 eadem

263 4053 354 4108 radice
372 4052 470 4108 derivo.
