3226 4948
537 459 580 514 Dc
596 459 734 514 Alcmunis
751 462 850 528 poetae
867 458 991 516 dialecto.
1059 519 1065 523 ,
1262 458 1321 521 351
1413 441 1414 444 Ἴ

203 607 288 717 quod
303 595 451 695 ᾸΓΙΔ..
473 631 617 714 praebet,
640 631 855 722 accusativum
869 623 1013 715 'Ayrddv
1034 634 1230 716 praetulerit.
1260 633 1326 706 Sed

203 733 390 806 πειθοῦς
407 729 448 804 ir.
472 732 523 796 62.

486 903 505 980 ξ
528 902 558 964 9.
602 901 660 964 De
681 898 896 972 vocalibus
919 923 931 963 υ
954 906 990 965 et
1012 924 1041 966 ο.

289 1017 528 1101 Adjectivorum
551 1018 731 1084 terminatio
746 1040 815 1093 -ιος
838 1037 895 1100 pro
910 1041 994 1096 -εος,
1017 1037 1113 1100 quam
1135 1016 1327 1085 contrahunt

204 1116 322 1196 Attici,
346 1135 386 1182 ex
408 1113 587 1199 antiquiore
609 1123 641 1182 et
663 1115 754 1198 epioa
782 1115 884 1181 forma
905 1140 994 1193 -εαος
1016 1125 1095 1182 nata
1117 1116 1326 1183 Doriensibus

205 1221 236 1280 et
259 1213 411 1280 Aeolibus
433 1213 609 1279 communis
631 1207 689 1279 est.
734 1213 885 1294 Legimus
906 1214 993 1296 apud
1015 1214 1220 1280 Alcmanem:
1254 1210 1326 1296 ἀρ-

204 1306 350 1395 γύριον.
380 1331 455 1394 pap.
479 1314 508 1376 2.
533 1314 590 1395 21;
619 1309 883 1396 παρχρύσιος
910 1331 985 1395 pap.
1009 1314 1038 1377 2.
1062 1315 1119 1394 333
1146 1309 1325 1394 χρύσιον
1404 1359 1406 1363 r

204 1411 241 1475 lr.
265 1412 321 1492 39,
351 1409 469 1474 codicis
492 1409 517 1472 B
539 1408 700 1476 Athenaei
721 1409 893 1491 scriptura,
923 1409 1037 1476 ceteris
1056 1406 1213 1492 χρύσειον
1236 1427 1327 1491 prae-

203 1507 362 1586 bentibus,
386 1505 470 1588 quod
486 1527 552 1573 nou
565 1505 600 1570 in
615 1524 741 1572 versum
757 1507 903 1590 quadrat.
932 1507 997 1574 Sed
1017 1505 1201 1590 χρύσεον
1220 1505 1258 1570 ir.
1275 1509 1326 1587 34,

204 1603 290 1688 quod
313 1605 422 1686 Bergk
443 1604 589 1670 mutavit.
633 1605 810 1692 Memoratu
833 1611 881 1670 cst
903 1604 1045 1688 dignum,
1069 1603 1155 1688 quod
1178 1605 1214 1669 ir.
1233 1607 1284 1668 60.
1308 1607 1326 1666 5

205 1709 293 1769 extat
314 1707 515 1787 πορφυρῆ
522 1725 554 1780 ς,
577 1701 696 1786 quippe
719 1721 802 1784 quae
823 1701 1045 1785 formansque
1063 1702 1175 1786 epicae
1196 1702 1328 1772 dialecti

203 1801 245 1866 sit
267 1803 504 1884 (aoppvpsqg),
531 1818 635 1883 neque
657 1800 834 1866 communis
856 1804 1075 1886 (sequeutia),
1100 1801 1200 1866 multo
1223 1801 1328 1866 minus

204 1897 343 1963 Doricae
357 1896 559 1976 AcoHcaeve,
584 1912 667 1979 quae
688 1902 884 1982 πορφυρίας
908 1904 1058 1982 possunt,
1082 1918 1187 1982 neque
1202 1897 1328 1964 emetri

202 1995 329 2061 ratione
350 1994 472 2062 certius
489 1993 663 2078 quidquam
686 1995 782 2060 statui
804 2000 920 2078 potest.
960 1996 1173 2080 Oonjecerunt
1194 1996 1328 2063 Schnei-

204 2093 311 2159 dewin
334 2095 547 2178 πορφυρέης,
574 2093 683 2175 Bergk
705 2097 920 2179 πορφυρέας;
949 2093 1118 2177 Westphal
1142 2095 1175 2159 in
1197 2094 1327 2160 metrico

204 2189 286 2255 libro
315 2190 376 2255 boe
403 2189 615 2272 fragmentum
637 2189 776 2256 afferens
797 2191 907 2256 scribit
928 2196 1135 2280 πορφυρέας.
1157 2229 1199 2238 -
1221 2192 1328 2258 Notis-

204 2287 318 2352 simum
347 2292 397 2351 est
423 2287 615 2350 Laconicum
646 2285 735 2364 σιὸς,
764 2289 850 2369 quod
872 2289 905 2353 in
928 2290 1108 2372 Lysistrata
1134 2291 1328 2374 compluries

206 2383 349 2448 occurrit.
379 2382 418 2446 In
436 2381 643 2464 inscriptione
665 2384 774 2448 votiva
790 2385 972 2450 Plataeensi
993 2385 1115 2449 vocalis
1137 2407 1201 2451 non
1224 2394 1329 2470 potest
1420 2385 1425 2457 J

205 2480 286 2562 legi:
325 2481 364 2561 Θ
381 2525 388 2540 .
406 2481 456 2557 O.
501 2480 725 2545 Heracleensis
749 2481 904 2547 dialectus
930 2481 1071 2547 ostendit
1097 2505 1128 2547 s:
1166 2485 1240 2568 θεῷ
1263 2486 1327 2550 tab.

205 2577 280 2643 Her.
312 2576 345 2640 ΙΙ
368 2578 418 2640 27.
463 2573 574 2642 Cretes
602 2595 678 2642 vero
708 2576 789 2654 θοὸς
817 2579 1083 2661 pronuntiabant,
1117 2597 1200 2660 quae
1227 2575 1329 2645 forma

206 2674 302 2740 ctiam
325 2672 476 2738 Boeotica
505 2679 572 2739 est..
606 2675 656 2739 De
683 2674 873 2758 antiquitate
901 2676 997 2758 hujus
1024 2676 1211 2742 mutationis
1239 2676 1328 2741 dubi-

206 2771 268 2837 tari
301 2775 416 2853 potest.
460 2771 555 2853 Apud
585 2773 782 2856 Alcmauem·
807 2779 889 2838 σιῶν
919 2793 994 2857 pap.
1018 2777 1046 2838 2.
1079 2776 1113 2856 2,
1147 2767 1328 2858 ἡμισέων

206 2888 281 2952 pap.
308 2873 333 2930 1.
357 2870 387 2932 -7,
433 2869 606 2952 Vulgarem
629 2870 762 2936 formam
786 2871 918 2944 exbibet
938 2871 975 2936 fr.
999 2874 1040 2935 34
1061 2875 1202 2950 θεοῖς,
1233 2891 1329 2955 quam

206 2966 291 3050 quod
318 2985 383 3030 uon
412 2966 609 3034 trochaicam
643 2967 741 3033 babet
773 2988 971 3050 mensuram,
1005 2969 1144 3036 editores
1172 2969 1206 3035 iu
1232 2973 1330 3035 θεοῖ-

207 3088 260 3131 σιν
284 3069 455 3130 mutarunt.
478 3099 521 3112 -
544 3065 709 3133 Vocalium
728 3089 773 3131 scr
796 3066 970 3133 contractio
992 3069 1045 3134 vel
1068 3067 1174 3151 potius
1196 3065 1329 3158 mutatio
1376 3138 1381 3146 ρ

205 3162 239 3228 iu
262 3185 302 3226 ιω
326 3164 501 3228 communis
518 3171 566 3229 est
580 3164 754 3240 Laconum,
777 3164 1049 3248 Heracleensium,
1073 3166 1273 3232 Cretensium
1295 3157 1330 3232 in

207 3257 421 3326 declinatione
453 3260 632 3325 verborum.
690 3262 855 3344 Leguntur
887 3262 920 3327 in
953 3262 1000 3328 tit.
1034 3263 1109 3329 Lac.
1144 3264 1259 3330 Lealrii
1288 3269 1325 3328 71

207 3352 374 3436 ἀνιοχὶων,
404 3356 437 3420 in
459 3355 593 3447 Lysistr.
618 3355 763 3424 ἐπαινίω
789 3361 857 3442 198,
887 3354 1057 3441 ὑμνίωμες
1082 3364 1163 3425 1305
1186 3362 1265 3444 alia3
1292 3360 1328 3425 in

206 3453 270 3518 tab.
294 3452 418 3520 Heracl.
442 3449 583 3524 ἀδικίου
609 3457 625 3521 Ι
651 3458 726 3537 138,
756 3456 866 3521 aalma
888 3457 904 3521 Ι
929 3460 991 3522 175
1011 3457 1092 3540 alia;
1122 3457 1249 3524 Cretica
1272 3483 1329 3522 κο-

208 3553 363 3631 colorare
386 3569 412 3616 c.
436 3550 456 3615 i.
480 3550 518 3618 G.
542 3553 723 3619 3049α11α.
757 3553 796 3618 cf.
820 3552 896 3619 Abr.
919 3553 949 3619 d.
966 3554 996 3620 d.
1020 3555 1060 3619 D.
1084 3559 1143 3620 207
1161 3575 1231 3638 sqq.
1267 3556 1330 3622 Ne·

206 3666 268 3730 que
300 3654 408 3716 tamen
440 3668 481 3716 ex
511 3649 572 3716 hac
603 3669 639 3716 re
671 3651 883 3733 consequitur,
917 3651 1093 3734 antiquitus
1126 3671 1198 3718 eam
1220 3653 1329 3720 *fuisse

206 3745 375 3812 severioris
393 3747 522 3812 Doridis
544 3747 782 3830 proprietatem,
806 3767 891 3834 quae
911 3755 1025 3833 postea
1045 3750 1080 3814 in
1103 3750 1237 3834 singulis
1259 3750 1330 3835 ejus

206 3843 353 3910 dialectis
375 3843 449 3937 oriri
472 3846 590 3928 potuit,
614 3865 718 3928 neque
740 3847 785 3912 rei
808 3853 924 3912 natura
945 3847 1006 3912 hoe
1028 3847 1144 3932 exigit,
1170 3867 1241 3916 cum
1264 3869 1329 3930 non

206 3960 247 4008 ex
264 3940 495 4025 antiquissimis
516 3942 626 4010 formis
647 3943 682 4010 in
705 3943 765 4028 sjw
788 3943 979 4011 exeuntibus
1002 3946 1121 4012 vocalis
1145 3971 1157 4011 ι
1179 3954 1256 4012 nata
1277 3947 1328 4012 sit.

207 4039 394 4136 Alemanica
407 4040 588 4123 fragmenta
601 4040 752 4123 ignorant
773 4041 857 4108 bunc
872 4043 1112 4111 Laconismum:
1138 4041 1329 4110 αἰοέοοτι
