3226 4948
545 459 587 514 De
605 459 742 514 Alcmanis
761 466 858 530 poetae
877 460 1000 516 dialecto.
1275 461 1338 526 369

210 652 355 700 manem:
392 628 614 717 μαθήσιος
636 631 673 696 11.
697 634 754 714 63,
784 631 974 716 Σαρδίων
998 634 1116 717 11.-25,
1148 635 1339 706 adversatur

179 795 180 800 ,
211 751 275 794 vox
298 723 440 812 ὄρνεις
463 734 559 806 (nom.
582 731 677 813 plur.)
699 729 735 795 fr.
762 733 814 810 18,
846 749 928 812 quae
950 731 1124 797 secundum
1147 731 1250 816 legem
1274 736 1338 803 Do-

210 827 289 892 ridis
312 821 424 909 ὔρνιες
447 833 584 893 sonaret.
625 827 699 892 Non
721 826 826 892 minus
847 826 889 893 ab
912 828 1092 910 antiquiore
1117 830 1238 897 Doride
1260 833 1338 899 alie-

210 946 287 990 num
310 930 360 990 est
381 925 547 991 numerale
569 936 686 1010 τρεῖς
708 929 787 1002 (acc.
808 924 902 1008 plur.)
925 925 964 990 11.
980 929 1020 991 76
1042 938 1205 1011 ρ1ονρῖς,
1228 949 1338 1011 quam·

211 1043 306 1104 quam
328 1023 410 1088 haec
437 1022 539 1088 torma
563 1021 597 1086 in
620 1022 834 1088 monumentis
856 1029 995 1089 ceterum
1019 1023 1149 1091 Doridis
1171 1027 1337 1094 tenacibus
1459 1077 1461 1082 ,

211 1118 402 1204 compluries
424 1120 567 1186 occurrit.
596 1156 638 1166 -
670 1121 844 1185 Testantur
865 1120 1066 1203 grammatici
1088 1111 1219 1204 quidam
1241 1123 1337 1194 iniis

211 1217 404 1298 nominibus,
428 1237 509 1300 qnae
526 1216 545 1281 d
561 1218 658 1308 vulgo
674 1216 842 1297 asciscunt,
862 1218 1036 1284 Dorienses
1050 1220 1238 1302 repudiasse
1253 1221 1338 1288 banc

145 1331 149 1338 ·
210 1313 346 1396 literam,
371 1334 452 1397 quae
475 1321 524 1381 est
546 1321 777 1382 econsonante
790 1313 815 1398 j
835 1314 998 1396 quondam
1021 1321 1127 1397 enata,
1151 1336 1246 1398 quam
1269 1336 1336 1384 rem

210 1411 298 1477 haud
321 1432 424 1497 pauca
445 1411 577 1477 nomina
598 1413 729 1496 propria
750 1412 970 1494 comprobant,
993 1412 1051 1477 sed
1068 1410 1176 1478 minus
1190 1414 1337 1480 substan·

210 1509 278 1574 tiva
299 1511 507 1594 appellativa.
546 1509 651 1575 Unum
674 1509 810 1574 fortasse
832 1509 1016 1591 exemplum
1038 1508 1125 1592 apud
1148 1511 1337 1578 Alcmanem

210 1603 353 1684 ἀΐτιας
376 1609 412 1674 11.
439 1610 508 1689 118,
540 1617 733 1690 quamquam
756 1606 834 1672 satis
855 1605 1115 1689 incertumpsed
1138 1605 1336 1684 νεάνιδες

209 1704 246 1768 11.
272 1708 321 1769 18.

296 1802 406 1868 Futuri
428 1801 586 1883 sigmatici
610 1800 691 1866 ratio
713 1800 801 1884 apud
820 1802 994 1868 Dorienses
1016 1821 1037 1867 a
1058 1801 1184 1883 vulgari
1207 1799 1337 1868 diversa

210 1907 268 1980 est,
292 1919 363 1964 cum
387 1901 514 1982 spirans
528 1899 552 1983 j
571 1899 724 1982 antiquae
741 1899 975 1965 terminationis
989 1897 1086 1982 ιρ’ᾶνιι·
1105 1898 1247 1980 aliquam
1270 1899 1335 1964 vim

209 1996 375 2063 retinuerit
397 1996 447 2075 (cf.
472 1995 598 2063 Curtius
621 1996 761 2062 Verbum
783 1999 814 2062 ll
837 2000 899 2062 292
916 1998 1007 2078 sqq).
1046 1994 1114 2061 'Sed
1136 2015 1201 2060 non
1224 2015 1335 2063 omnes

155 2117 157 2122 ·
209 2093 339 2160 Doridis
355 2095 478 2179 species
494 2094 625 2160 medem
640 2093 758 2160 formas
780 2094 926 2160 offerunt.
957 2095 1042 2158 Ante
1058 2117 1075 2156 o
1095 2099 1128 2157 et
1143 2116 1168 2155 ω
1185 2094 1336 2160 vocalior

208 2191 303 2256 modo
315 2192 484 2274 invenitur,
501 2187 596 2257 modo
612 2212 678 2257 non
692 2192 870 2257 invenitur:
885 2194 1077 2276 doudqotcr,
1090 2193 1333 2278 doadqotorrr;

209 2281 385 2366 ἀπαξόνιι.
421 2288 460 2352 11
483 2288 662 2366 Laconicae
684 2288 814 2354 dialecti
835 2290 977 2354 fontibus
998 2308 1097 2352 unum
1120 2295 1208 2354 extat
1230 2309 1335 2355 exem-

209 2384 297 2466 plum
321 2381 500 2465 πωιάὸμαι
515 2384 649 2468 Lysistr.
668 2388 760 2463 1013,
784 2385 911 2450 videtur
932 2385 1028 2467 igitur
1043 2385 1077 2448 in
1094 2403 1133 2449 ea
1147 2404 1212 2449 non
1228 2379 1333 2452 minus

209 2500 303 2563 quam
333 2480 366 2545 in
396 2481 533 2546 dialecto
556 2480 817 2547 Heracleensium
846 2482 968 2546 vocalis
991 2505 1004 2546 ι
1025 2500 1089 2544 non
1119 2499 1246 2564 semper
1271 2501 1336 2547 ser·

208 2585 285 2644 vata
299 2598 378 2645 esse.
410 2579 505 2662 Apud
517 2579 703 2644 Alcmanem
721 2578 885 2661 leguntur:
910 2575 1027 2643 δώσω
1042 2577 1079 2644 11.
1093 2580 1133 2641 33
1149 2576 1203 2641 ubi
1219 2576 1333 2645 ducta

209 2683 310 2742 metro
332 2683 536 2760 repugnaret,
560 2673 810 2762 παρήσομες
832 2697 906 2760 pap.
926 2681 952 2739 1.
972 2679 1026 2756 123
1050 2670 1254 2756 ἀείσομαι
1277 2679 1331 2760 593

168 2840 180 2852 ,
210 2773 322 2840 eadem
338 2773 440 2838 forma
460 2774 577 2856 legitur
599 2773 635 2838 11.
652 2776 671 2837 2
695 2774 805 2839 codice
827 2773 1002 2856 praebente
1018 2767 1074 2837 ἀεί
1091 2793 1145 2836 σοι
1161 2796 1213 2854 με,
1238 2794 1334 2856 equa

207 2872 345 2936 lectione
367 2871 433 2936 noli
449 2867 623 2952 ἀεισίομαι
639 2871 817 2937 enucleare.
848 2870 998 2936 Secunda
1013 2874 1045 2935 et
1060 2867 1154 2934 tertia
1175 2889 1334 2951 personae

208 2969 305 3034 activi
320 2990 340 3034 a
356 2970 481 3052 vulgari
504 2970 627 3035 ratione
650 2989 712 3034 uno
730 2975 863 3034 accentu
887 2966 1054 3032 differunt:
1078 2977 1212 3052 φασεῑ
1219 2989 1236 3042 ς
1258 2987 1333 3051 pap.

141 3061 146 3080 '
210 3070 239 3131 3.
256 3074 284 3148 5,
308 3066 350 3133 ad
365 3067 456 3149 cujus
478 3067 661 3150 analogiam
685 3075 915 3141 κατανοεῖς
930 3064 1039 3147 Bergk
1063 3062 1133 3129 sine
1156 3063 1246 3129 libris
1261 3064 1336 3131 scri-

209 3163 273 3244 psit
287 3164 323 3227 11.
341 3166 391 3229 97.
423 3165 487 3230 Sed
510 3160 751 3250 ὕπανλήσει
772 3163 809 3229 11.
827 3165 877 3245 78,
901 3165 1080 3247 παρέξει
1104 3161 1140 3226 11.
1158 3165 1209 3226 75.
1240 3163 1336 3230 Aliae

207 3259 329 3325 formae
351 3281 416 3325 non
438 3263 647 3343 reperiuntur.

294 3356 421 3422 Deinde
444 3377 484 3423 ex
499 3358 538 3424 iis
560 3379 664 3441 pauca
679 3356 846 3423 afferenda
860 3363 943 3437 sunt,
967 3357 1001 3420 in
1016 3355 1131 3437 quibus
1146 3354 1332 3439 formandis,

209 3473 280 3518 cum
309 3453 453 3520 Graecae
480 3455 612 3538 linguae
640 3455 750 3521 variae
783 3454 857 3520 viae
888 3459 1050 3538 paterent,
1084 3452 1151 3518 alia
1180 3451 1334 3520 dialectus

147 3564 154 3570 ·
208 3551 306 3616 aliam
328 3551 483 3617 rationem
506 3552 586 3617 iniit.
630 3553 669 3618 In
692 3551 802 3618 dativo
831 3550 948 3635 plurali
974 3550 1087 3616 tertiae
1110 3548 1334 3616 declinationis

209 3648 293 3714 duae
315 3649 556 3717 terminationes
578 3671 631 3714 -σι
654 3657 685 3716 et
707 3671 800 3716 -εσσι
822 3649 856 3714 11
878 3668 936 3714 usu
954 3654 1057 3728 erant,
1081 3646 1230 3731 equibus
1252 3646 1333 3712 haec

206 3745 296 3830 apud
319 3747 421 3812 Dorcs
443 3747 646 3831 frequentior.
690 3746 786 3830 Apud
809 3746 996 3812 Alcmanem
1027 3744 1204 3811 breviorem
1226 3743 1334 3809 termi-

208 3843 371 3911 nationem
401 3843 507 3910 ferunt
534 3846 650 3929 stirpes
677 3844 712 3910 in
740 3867 794 3921 -ες
822 3849 990 3909 exeuntes:
1027 3840 1211 3928 φύκεσσι
1240 3839 1277 3906 11.
1302 3844 1331 3924 6,

210 3938 387 4006 σάλεσσι
410 3941 446 4006 11.
474 3946 522 4024 13,
544 3947 725 4026 βένθεσι
747 3941 784 4006 11.
809 3945 859 4022 66,
882 3947 1051 4022 praeterea
1069 3942 1195 4025 χερσί
1217 3938 1254 4002 11.
1280 3942 1330 4019 34,

209 4056 291 4118 quae
319 4040 420 4104 lorma
450 4041 545 4106 etiam
573 4038 660 4122 apud
683 4038 883 4122 Sophronam
905 4036 942 4101 11.
966 4040 1005 4102 65
1029 4037 1130 4114 (Ahr.)
1153 4035 1330 4120 invenitur;

260 4136 396 4214 Cusrruslu.
409 4141 537 4188 Breuem,
555 4139 648 4180 Studien
662 4139 687 4180 X.
1095 4139 1127 4188 24
