3218 4934
284 463 324 526 80
782 467 916 522 Bannaek

369 645 400 714 2)
432 637 629 716 δαύακες·
661 634 873 719 θυμάλωπες
901 659 942 706 ex
970 637 1160 717 *δαν-οκες
1188 639 1308 706 fantum
1337 661 1409 710 esse
1479 669 1482 674 ·
1591 657 1592 676 .

283 738 442 805 contendo
477 743 573 820 atque
606 732 756 821 φά-ηκες
787 739 857 821 (pro
888 731 1113 825 *φάν·ηκες)·
1148 733 1328 824 ὀφθαλμοί
1356 760 1408 824 ap.

270 837 433 922 -Hesyeh,
457 829 653 920 άλάπ-ηκες
667 832 765 912 (Ourt.
782 834 888 920 Etym.
905 839 989 918 360),
1011 833 1211 922 μάρμ-ηκες,
1232 832 1408 924 άριι-ηκες,

283 935 350 1002 alia
371 933 510 1001 eontero.

369 1048 399 1119 3)
436 1043 554 1110 Glossa
576 1041 747 1107 δαῦλον·
777 1040 898 1108 δασύ·
929 1037 1194 1129 ἡμίφλεκτον
1219 1042 1340 1125 ξύλον
1363 1045 1408 1111 δί·

282 1140 426 1209 videnda
447 1148 496 1208 est
523 1141 556 1206 in
588 1137 726 1204 δαυλάν·
758 1136 851 1218 δασύ,
883 1140 969 1224 quod
997 1163 1054 1226 pro
1082 1140 1205 1219 δοῦλός
1227 1143 1247 1208 i.
1271 1162 1299 1209 e.
1321 1142 1408 1208 *δα-

268 1237 385 1316 ’συλός
406 1246 455 1306 est
477 1239 595 1324 (Etym.
617 1241 710 1320 232),
740 1244 772 1304 et
795 1236 932 1303 δαῦλον·
956 1235 1164 1327 ἡμίφλεκτον
1186 1238 1293 1321 ξύλον,
1322 1241 1408 1324 qued

257 1367 261 1376 ¹
283 1356 325 1403 ex
345 1335 514 1402 *δάε-λον
537 1343 639 1402 ertum
663 1341 711 1403 est
733 1341 765 1402 et
787 1336 975 1420 plerumque
998 1337 1100 1415 δάλος
1122 1337 1221 1404 audit.

369 1457 401 1532 4)
431 1449 801 1528 petauristarum,
834 1449 1106 1534 δεδευμένον,
1132 1451 1409 1540 νιεριιιεφλεγμέ-

283 1576 340 1617 νον
361 1550 462 1631 (Curi.
486 1552 592 1634 Etym.
615 1570 647 1633 p.
663 1553 749 1632 230),
772 1549 951 1617 laconicum
975 1548 994 1614 δ
1002 1555 1114 1633 αβεῖ·
1137 1553 1251 1636 καυδῇ
1273 1551 1326 1628 (de
1347 1551 1408 1617 hoe

282 1651 486 1718 eoniunetivo
508 1648 583 1715 ride
604 1647 711 1726 infra).
749 1644 893 1733 ἐδάης·
917 1645 1029 1735 ἐκάης.

367 1767 407 1832 D.
452 1762 708 1851 δάοοοεφώψ·
739 1759 863 1850 φάος,

367 1883 462 1947 quam
490 1860 686 1928 Schmidtius
714 1864 896 1941 suspectam
923 1859 1038 1941 habet,
1072 1859 1216 1946 Gnyetns
1245 1881 1303 1946 pro
1332 1859 1407 1950 φώς

281 1959 503 2044 aeeipiendam
532 1977 603 2025 esse
625 1956 764 2041 putavit,
795 1974 867 2020 mea
888 1956 1017 2038 quidem
1043 1957 1204 2024 sententia
1225 1967 1337 2026 exorta
1358 1968 1407 2026 est

282 2076 324 2123 ex
337 2056 515 2144 *pare-9
536 2061 591 2135 (=
605 2053 716 2141 *φᾶδ
734 2056 815 2122 sieut
830 2049 888 2137 ὤφ
904 2073 944 2120 ex
962 2047 1102 2134 άπ-Ι-ς.
1131 2057 1303 2141 Digamma
1317 2059 1407 2123 iuxta

281 2154 464 2221 sibilantem
486 2155 625 2238 pesitum
641 2156 674 2220 in
688 2178 717 2219 ιι
731 2156 867 2236 transiit,
889 2155 975 2238 qnod
997 2154 1093 2221 etiam
1115 2154 1149 2220 in
1171 2155 1278 2221 verbis
1300 2152 1406 2239 σπόγ-

281 2275 341 2336 γος
362 2272 420 2336 pro
442 2250 611 2336 *οεομγος
634 2253 769 2336 (Ειγια.4
791 2274 823 2337 p.
846 2256 920 2329 384)
949 2260 982 2320 et
1002 2252 1126 2330 λίοπος
1147 2272 1205 2337 pro
1227 2251 1404 2330 *λιο-εος

281 2349 384 2428 (ibid.)
405 2351 553 2416 eernitur.

367 2467 404 2532 Ε.
437 2461 576 2545 τάλιξ·
601 2458 757 2549 δἚρως
779 2485 820 2532 ex
835 2466 1074 2533 adnleseentiee
1096 2466 1266 2532 teneritate
1287 2484 1404 2531 nomen

280 2564 387 2630 traxit.
430 2564 537 2630 Habet
558 2563 642 2630 enim
664 2559 775 2644 τάλιξ,
797 2570 833 2629 ut
854 2564 933 2630 mihi
953 2564 1090 2644 videtur,
1112 2563 1250 2630 eandem
1272 2563 1403 2646 stirpem

280 2682 377 2746 qnam
398 2662 538 2741 τάλ-ι-ς,
560 2681 643 2745 quae
664 2661 766 2727 ferma
787 2681 858 2729 eum
880 2681 998 2745 graeca
1018 2661 1086 2728 rad.
1102 2685 1160 2745 τερ
1182 2660 1281 2740 (Cart.
1298 2662 1404 2745 Etym.

280 2782 311 2845 p.
335 2764 410 2839 222)
444 2767 582 2843 cognata
610 2765 675 2840 est,
711 2778 847 2842 quaeum
882 2759 1040 2826 sanserita
1071 2760 1173 2825 verba
1201 2759 1339 2822 lalana-r
1366 2777 1404 2823 ae

281 2868 426 2935 taratra-s
453 2859 573 2940 optime
594 2856 790 2939 conspirant.

365 2972 402 3036 F.
432 2967 783 3052 Glossaipoptriae·
806 2975 1023 3053 μέτοικοι,
1048 2969 1404 3054 quamabaliaglossa

280 3087 363 3151 qnae
386 3074 436 3134 est
456 3064 642 3150 tprroptier
670 3066 727 3143 (sie
754 3075 883 3151 propter
905 3067 1049 3135 ordinem
1072 3068 1250 3144 litterarum
1273 3087 1332 3152 pro
1353 3087 1403 3134 eo-

280 3165 360 3232 dieis
375 3162 562 3247 ἐμπορίοαι
576 3163 791 3242 scribendum)
812 3165 936 3250 seiungi
951 3186 1016 3232 non
1036 3166 1120 3247 lieet,
1142 3166 1255 3232 miram
1271 3165 1404 3250 praebet

279 3263 558 3330 assimilationem:
581 3269 630 3328 est
644 3262 730 3328 enim
752 3283 811 3347 pre
831 3261 1015 3356 ἑμμορίδαι
1036 3264 1102 3341 (etr.
1120 3263 1199 3346 spes
1220 3283 1278 3347 pro
1301 3261 1403 3344 ἔμμε-

280 3365 348 3439 ναι)
375 3367 408 3428 et
437 3357 624 3443 δμπορλδαι
651 3359 717 3437 (eir.
745 3355 836 3443 ῦμμα
864 3382 922 3445 pre
948 3355 1102 3443 *διε-μα,
1135 3361 1219 3428 asel.
1245 3357 1343 3425 ῦιιιεα
1371 3366 1404 3427 st

280 3460 384 3527 boeot.
401 3456 525 3534 ῦπαοις
546 3478 605 3542 pro
627 3455 806 3535 *ἕππασις
826 3458 847 3524 i.
863 3478 891 3525 e.
907 3456 1077 3540 ἔμφασις).
1105 3458 1180 3524 Alio
1202 3457 1274 3524 loeo
1295 3455 1403 3540 ἐμπό-

272 3551 353 3643 Ιριος
375 3557 417 3625 ab
438 3556 601 3640 Hesychia
622 3559 781 3637 μέτοικος
803 3558 994 3623 nominatur.

365 3672 404 3738 G.
449 3671 510 3736 Pro
543 3664 718 3746 εῦαλιῦς·
756 3663 939 3755 εῦχεριῦς
971 3667 1229 3757 θηρώμενος
1262 3671 1402 3738 seribere

278 3769 376 3835 velim
399 3764 536 3847 εῦαλώς,
562 3785 645 3852 quae
666 3765 769 3834 ferma
791 3768 994 3852 participium
1017 3768 1149 3852 persenti
1170 3769 1266 3835 estivi
1288 3768 1402 3835 anolini

280 3862 467 3930 sertin-xe
489 3866 556 3945 (etr.
572 3858 782 3931 ο-ῦέθ-ω-κα
795 3885 848 3949 ap.
865 3865 1071 3950 Hesychium)
1093 3885 1165 3934 esse
1186 3865 1314 3933 ridetur
1335 3866 1401 3943 (eir.

278 3961 357 4028 Ahr.
379 3962 405 4042 I,
429 3965 492 4036 36).
535 3960 676 4040 Εῦαλώς
698 3987 705 4029 :
728 3959 915 4029 εῦάλ-ω-κα
943 3965 1025 4044 (sive
1048 3961 1194 4043 ἑάλωκα)
1213 3992 1257 4018 ==
1278 3960 1402 4039 ἐωδώς

253 4147 256 4151 .
279 4057 313 4138 (i.
343 4077 371 4125 e.
399 4055 654 4138 *σε-ονοδ-ιάς)
675 4084 682 4126 :
706 4057 907 4128 εῦέθ·ω·κα.
959 4055 1104 4145 εὐχερῶς
1131 4061 1258 4128 videtur
1286 4081 1325 4128 ea
1360 4059 1402 4125 de
