3226 4948
518 471 561 524 De
578 470 715 526 Alemanis
733 473 830 540 poetae
848 468 970 526 dlaleoto.
1247 465 1309 526 349

14 669 27 716 r
137 659 138 662 ’
182 645 217 712 iu
238 665 297 710 usu
318 642 434 730 fuisse„
466 640 643 724 colligimus
666 661 706 708 ex
728 641 892 725 Apollonii
915 641 1038 722 verbm,
1065 605 1123 722 qui
1139 639 1308 706 frustulum

183 741 405 809 AlemanIoum
427 759 485 824 pro
507 739 690 806 testimonio
712 739 805 805 affert
828 738 869 806 de
890 759 981 823 pron.
1004 743 1066 804 335
1086 739 1128 827 B:
1164 734 1310 814 Αἰολεῖς

184 845 286 926 κῆνος
389 841 538 920 Δωριεῖς
560 841 675 922 τῆνος,
707 841 860 930 σπανίως
891 835 948 902 διὰ
970 842 1030 902 τοῦ
1053 856 1089 900 κ·
1117 835 1176 900 καὶ
1199 844 1310 912 κεῖνος

185 935 220 1004 ἐν
245 935 386 1002 σάλεσσι
407 935 548 1011 πολλοῖς
576 931 700 1022 ἥμενος
719 931 875 1016 Ἀλκμάν.
920 936 1065 1020 Apparet
1087 939 1215 1020 κῆνος
1238 937 1311 1001 sori·

184 1035 324 1101 bendum
348 1052 435 1116 esse,
459 1052 651 1117 quamquam
675 1032 771 1099 etiam
794 1033 881 1117 apud
903 1032 1173 1117 Hephaestionem
1199 1037 1228 1114 3,
1255 1034 1310 1098 ubi
1334 1069 1337 1074 -

183 1132 270 1198 idem
285 1131 498 1214 fragmentum
515 1130 668 1195 traditum
684 1138 742 1213 est,
758 1131 885 1197 oodioes
902 1130 1135 1215 diphthongum
1152 1131 1311 1215 praebent

183 1229 220 1296 fr.
240 1234 288 1295 13.
319 1228 370 1294 Ad
386 1228 712 1312 ejusdem'Apollonii
734 1229 955 1295 auctoritatem
973 1228 1079 1295 redire
1100 1229 1228 1296 videtur
1243 1231 1311 1295 vul-

184 1329 270 1410 garis
292 1327 394 1392 forma
417 1323 584 1404 ἐκεῖνος
607 1325 648 1392 de
663 1327 761 1410 pron.
784 1327 891 1392 334Α
914 1327 970 1392 καὶ
998 1322 1138 1409 Ἀλκμὰν
1167 1326 1309 1413 πρώτῳ·

14 1383 17 1492 ζ
121 1427 123 1432 ’
183 1423 315 1507 μάκαρς
330 1422 460 1501 ἐκεῖνος
476 1428 582 1511 φησίν
597 1423 634 1488 fr.
655 1429 702 1489 14.
725 1459 768 1470 -
792 1423 938 1506 εἱμένα
954 1425 992 1488 fr.
1009 1427 1049 1488 96
1073 1423 1310 1506 (*ν··ενεσμένα)

183 1521 355 1587 imitationi
376 1521 507 1587 Homeri
530 1521 673 1588 debetur.
702 1557 744 1568 -
775 1516 873 1587 εἶπον
897 1520 1056 1620 diversam
1084 1522 1240 1588 rationem
1263 1542 1312 1588 se-
1387 1605 1390 1610 Ι

183 1619 238 1701 qui
253 1618 387 1700 videtur,
399 1639 485 1685 nam
508 1627 693 1685 constanter
711 1619 792 1686 haeo
806 1640 871 1685 vox
884 1621 1057 1703 genuinam
1076 1618 1310 1704 diphthongum

184 1718 298 1798 habet,
331 1717 416 1801 quod
448 1736 506 1800 per
534 1717 624 1800 leges
646 1719 777 1801 linguae
799 1717 942 1783 nondum
966 1717 1160 1802 explicatum
1189 1725 1237 1786 est
1260 1719 1310 1797 (of.

184 1815 287 1880 Oauer
308 1815 401 1880 Stud.
418 1815 497 1880 VIII
513 1819 596 1893 257).
641 1816 714 1881 Non
737 1815 933 1882 aLaoonioa
956 1815 1093 1882 dialecto
1115 1817 1225 1883 aliena
1247 1817 1311 1883 sint
1386 1840 1397 1846 ·

183 1909 359 1995 εἴποιμι
380 1933 456 1998 pap.
481 1917 508 1977 3.
536 1916 584 1995 17,
609 1912 760 1979 εἴποιτε
782 1914 819 1979 fr.
843 1917 894 1978 47.

457 2154 476 2232 ἓ
501 2154 529 2217 8.
573 2152 630 2218 De
652 2151 871 2217 vooalibus
894 2175 911 2215 ο
936 2176 962 2216 ω
986 2176 1035 2216 ov.

246 2301 380 2381 -Aequo
409 2308 505 2383 atque
527 2327 546 2386 η
571 2323 628 2385 pro
657 2327 689 2367 ει
717 2311 853 2387 apparet
879 2306 913 2369 in
942 2305 1103 2372 severiore
1131 2302 1252 2370 Doride
1281 2311 1313 2369 et

185 2395 319 2467 Aeolide
342 2421 368 2459 ω
391 2418 449 2480 pro
471 2397 653 2464 adulterina
676 2395 876 2482 diphthongo
900 2424 949 2465 οο.
988 2401 1127 2466 Primum
1151 2400 1312 2484 quaedam

184 2512 280 2559 voees
310 2493 548 2560 enumerandae
577 2501 667 2576 sunt,
697 2495 732 2560 iu
760 2496 875 2579 quibus
903 2497 1049 2563 voealem
1072 2497 1181 2580 stirpis
1202 2517 1319 2565 conso,

185 2597 284 2656 nante
313 2591 417 2674 ejeota
446 2591 633 2675 productam
662 2593 892 2676 agnosoimus.‘
920 2594 1070 2678 Doricam
1093 2618 1119 2658 ω
1146 2595 1180 2659 in
1208 2594 1313 2662 fronte

185 2688 284 2753 habet
306 2681 466 2771 ὠρανὸν
482 2710 557 2773 pap.
576 2695 678 2774 1.-re;
701 2685 918 2778 ὠρανίαφι
940 2691 977 2757 fr.
995 2695 1036 2757 59
1053 2712 1140 2758 unus
1163 2711 1203 2756 ex
1224 2693 1312 2760 illius

185 2785 311 2852 frustuli
332 2786 472 2852 tontibus
495 2786 642 2870 exhibet,
671 2807 742 2852 oum
764 2789 879 2871 reliqui
904 2788 1103 2873 diphthongo
1125 2789 1312 2856 instructam

185 2883 269 2949 hano
290 2904 402 2958 vooem
424 2886 611 2967 praebeant.
641 2921 683 2932 -
710 2887 867 2968 Vulgares
889 2887 1007 2952 formas
1029 2887 1176 2954 iuvenies
1198 2888 1312 2955 hasoe:

186 2981 307 3065 δουρί
321 2982 358 3048 ir.
376 2984 426 3063 68,
451 2981 492 3047 de
507 2981 598 3065 eujus
612 2984 761 3048 vooabuli
776 2984 878 3050 forma
894 2985 1012 3051 Dorioa
1034 2992 1206 3069 quaesunt
1227 2987 1313 3052 testi-

185 3081 293 3145 monia
304 3080 435 3162 eollegit
448 3079 611 3164 Brugman
624 3081 669 3147 st.
683 3081 729 3146 IV
743 3085 813 3146 117.
836 3083 916 3148 ltem
932 3079 1077 3167 γούνατα
1088 3083 1122 3149 in
1133 3077 1313 3166 fragmento

184 3174 373 3241 addubitato
392 3181 443 3258 30,
467 3196 538 3242 oum
560 3176 702 3262 γούνατα,
725 3178 810 3261 quod
833 3182 957 3246 mavult
976 3182 1095 3264 Bergk,
1119 3203 1312 3266 quamquam

186 3272 272 3353 apud
306 3273 538 3339 Callimaohum
571 3276 673 3340 solum
705 3276 837 3358 legitur,
876 3278 1044 3346 severioris
1076 3279 1208 3346 Doridis
1241 3301 1313 3347 esse

185 3369 300 3450 prioris
328 3371 416 3436 voois
443 3370 595 3454 analogia
618 3371 741 3439 dooeat.
773 3408 812 3418 —
843 3374 882 3438 In
904 3375 1066 3443 secundae
1089 3377 1313 3445 declinationis

187 3466 370 3532 aoousativo
392 3468 527 3550 pluralis
548 3470 736 3553 plerumque
750 3470 836 3555 apud
852 3473 1041 3539 Alemanem
1063 3474 1180 3557 legitur
1194 3475 1314 3542 Dorioa

186 3564 302 3628 forma:
326 3561 406 3642 τώς
429 3561 611 3648 ἅρίστως
633 3588 708 3651 pap.
735 3574 762 3634 1.
788 3575 841 3654 11;
868 3566 1005 3651 νόμως
1026 3570 1063 3635 ir.
1083 3574 1123 3636 67
1145 3573 1240 3638 leotio
1264 3582 1316 3640 est

185 3661 279 3726 unius
295 3660 423 3746 oodiois,
445 3683 541 3746 quom
557 3665 654 3732 oetori
676 3666 751 3731 libri
766 3666 926 3735 Athenaei
941 3668 974 3733 in
991 3665 1083 3751 ὅμως
1105 3669 1228 3736 habent
1248 3691 1313 3737 oor·

186 3765 323 3842 ruptam.
347 3795 389 3806 -
416 3767 633 3848 sponsores
649 3761 801 3843 ,ἵππιος
822 3767 856 3832 in
870 3767 1049 3851 fragmento
1066 3770 1083 3831 3
1099 3767 1141 3832 ab
1157 3768 1312 3837 Alemane

187 3855 383 3939 abjudicato.
400 3893 440 3903 —-
463 3859 735 3942 κριβανωτώς
757 3864 851 3931 unius
866 3864 984 3936 oodiois
999 3865 1188 3949 soripturam
1202 3866 1312 3951 Bergk

186 3955 365 4037 postposuit
399 3957 529 4022 leotioni
563 3959 756 4042 reliquorum
789 3961 942 4028 librorum
970 3962 1180 4049 κριβανωνός
1214 3971 1311 4044 (nom.

185 4051 291 4134 sing).
318 4088 361 4102 —-·
390 4053 509 4122 contra
530 4053 627 4133 τοὺς
649 4059 805 4141 reperitur
825 4061 859 4127 in
881 4059 1059 4144 fragmento
1082 4065 1101 4130 8
1125 4063 1271 4132 Alemani
1294 4082 1312 4129 o
