3226 4948
300 466 343 521 De
360 429 477 520 ablativi
489 463 518 518 in
535 463 670 518 veteribus
688 461 786 531 linguis
803 462 902 518 itoiicis
919 461 1006 516 forma
1024 467 1052 516 et
1069 479 1122 518 usu
1138 461 1227 518 loculi.
1263 459 1325 521 417

329 634 407 700 illae
429 633 555 700 transiit
576 635 619 700 ad
641 656 710 702 nos.
743 637 836 700 Troe.
862 634 902 715 ΙΙ,
929 641 956 714 i,
980 639 1030 701 37.

331 751 465 814 sequere
487 732 547 797 hae
568 751 621 799 me
642 733 685 798 ad
706 733 818 799 iorum.
848 733 963 798 Pseud.
990 736 1080 798 1229.

331 830 358 896 si
379 829 460 895 istae
481 826 544 894 ibis
566 877 598 896 ..
620 829 682 896 hae
704 830 757 895 ibo
779 831 894 915 potius.
925 831 1021 896 Mero.
1045 833 1117 896 219.

329 927 374 992 ite
396 929 457 992 hae
479 925 522 992 ad
543 927 732 992 nantharum
753 936 840 994 reeta
862 929 925 994 via.
955 929 1007 994 Ps.
1034 932 1124 994 1051.

329 1024 390 1090 iter
412 1024 473 1089 hae
495 1025 603 1092 habui.
633 1026 706 1090 Ter.
730 1028 811 1091 Eun.
838 1029 929 1092 1065.

288 1141 327 1207 Iu
351 1143 508 1208 eiusmodi
529 1143 625 1225 igitur
647 1144 820 1210 enuntiatis
847 1143 908 1206 hoo
929 1144 984 1210 vix
1007 1143 1100 1210 aliter
1121 1147 1218 1225 atque
1240 1139 1325 1204 tier-

201 1237 255 1302 tiu
270 1240 491 1323 interpretere.
520 1239 587 1305 Sed
601 1240 695 1316 sanilo
709 1248 759 1306 est
773 1241 950 1321 intellectu,
973 1241 1135 1324 quomode
1147 1240 1197 1305 vis
1212 1239 1325 1304 horum

201 1336 427 1404 adverbiorum
442 1337 511 1410 tae,
535 1338 617 1420 ailoe,
641 1358 723 1422 quae
739 1338 781 1404 ab
797 1359 836 1404 eo
852 1339 937 1423 quod
953 1345 1056 1405 estex
1074 1336 1135 1400 too
1154 1347 1249 1422 purte
1270 1344 1327 1405 aot

87 1477 88 1481 ι
201 1433 260 1496 tue
281 1431 333 1507 ozssu'
354 1435 500 1518 primitus
522 1433 651 1502 diversa
672 1455 737 1502 non
759 1436 896 1516 inerunt,
918 1437 964 1502 ita
985 1436 1100 1501 mutari
1122 1434 1269 1518 potuerit,
1290 1442 1326 1500 ut

200 1536 362 1613 postremo
384 1552 404 1597 a
426 1533 459 1597 vi
481 1532 608 1600 dorthin
636 1532 703 1622 iere
730 1553 795 1598 non
823 1530 975 1600 differret.
1021 1535 1070 1600 Do
1098 1532 1230 1599 vooibus
1253 1553 1324 1618 quo,

200 1627 265 1702 illo,
289 1628 357 1702 tue,
381 1631 455 1694 illue
477 1631 538 1696 hoo
559 1631 629 1696 loeo
649 1650 713 1695 non
729 1636 907 1715 quaeretur,
930 1629 989 1697 has
1012 1631 1098 1698 enim
1119 1631 1238 1696 formas
1260 1650 1325 1697 non

199 1724 361 1793 ablativos
394 1725 452 1794 sed
482 1727 609 1794 dativus
638 1747 709 1796 esse
737 1727 914 1794 rectissimo
945 1728 986 1794 ab
1017 1728 1195 1811 Hartungio
1228 1734 1325 1810 atque

113 1842 117 1852 ¹
201 1822 309 1889 Curtio
336 1824 533 1892 intellectum
563 1831 626 1908 est,
659 1826 713 1908 qui
741 1826 887 1892 homines
916 1824 1090 1892 doctissimi
1124 1824 1222 1890 verba
1252 1843 1324 1910 quo,

199 1941 236 1984 eo
260 1940 301 1986 ex
323 1925 406 2006 quoi,
429 1924 482 1986 eoi
501 1928 613 1989 exorta
635 1942 706 1990 esse
727 1929 851 2006 putant.
1024 1919 1027 1925 ’

284 2019 471 2086 Invenimus
490 2020 587 2103 igitur
608 2017 791 2103 quaerendo
806 2022 1029 2106 antiquissima
1050 2019 1181 2103 linguae
1202 2018 1325 2086 latinae

199 2117 322 2196 aetate,
354 2137 395 2182 ex
423 2137 487 2200 qua
515 2117 625 2201 aliqua
651 2117 766 2183 notitia
791 2119 834 2184 ad
863 2139 922 2185 nos
952 2118 1113 2204 pervenit,
1143 2117 1323 2183 ablativum

18 2303 20 2312 Ι
134 2248 138 2253 «
198 2212 315 2294 purum'
334 2232 440 2295 paene
462 2215 507 2280 sio
529 2222 564 2279 ut
585 2214 880 2296 indegermanioum
899 2216 1077 2288 adhibitum
1100 2234 1181 2297 esse,
1204 2215 1324 2280 sensim

198 2315 306 2374 autem
328 2309 600 2393 praepositionum
618 2311 758 2375 maxime
773 2331 844 2375 oum
860 2313 987 2378 casibus
1008 2313 1247 2378 eoniunetarum
1263 2330 1325 2392 ope

199 2405 233 2470 id
249 2405 397 2472 effoetum
414 2426 494 2487 esse,
517 2413 552 2471 ut
566 2407 726 2473 ablativus
744 2425 814 2472 eum
838 2409 977 2476 looativo
999 2416 1129 2493 propter
1151 2408 1324 2474 multarum

199 2501 370 2569 formarum
393 2503 634 2570 similitudinem
657 2502 913 2572 confunderetur.
953 2541 954 2546 κ
1002 2516 1004 2536 “
