3208 4928
434 493 612 561 quaestiones
630 493 848 564 dialectologicae
864 508 985 563 graecae.
1003 561 1007 566 1
1213 491 1274 554 285

152 663 408 733 verstandliches
435 663 648 732 hinzustellen
670 665 738 730 und
764 664 879 730 darauf
899 665 1029 733 weilere
1052 666 1278 748 Folgerungen

151 783 191 828 nu
213 763 351 828 bauen.“

238 860 265 924 Ε
295 859 502 925 contrario
536 858 640 925 enim
673 858 877 924 contendo
906 859 1062 925 tamdiu
1091 859 1277 925 vocalem

155 965 188 1039 e,
218 955 251 1021 si
274 976 349 1038 qua
371 957 409 1021 in
439 956 636 1022 dialectis
659 955 909 1039 reperiatur,
931 959 1075 1024 ‘veteri
1101 967 1277 1041 eparem

152 1051 416 1118 iudicandam
440 1073 546 1137 esse,
570 1052 763 1136 quam-diu
779 1073 858 1118 non
879 1054 1136 1137 gravissimis
1156 1073 1277 1136 argu·

152 1151 300 1217 mentis
328 1150 376 1215 ab
399 1150 472 1215 hac
494 1151 704 1218 sententia
725 1151 924 1218 recedere
945 1170 1143 1234 cogamur.
1188 1149 1278 1216 Gete-

152 1237 221 1313 rum
249 1248 372 1314 moneri
401 1247 498 1314 debet
528 1268 592 1313 non
621 1255 687 1315 tam
717 1247 758 1316 de
786 1269 823 1316 eo
853 1249 923 1333 agi,
950 1249 1071 1315 vocalis
1100 1259 1119 1312 e
1148 1247 1278 1314 dialecti

152 1344 243 1410 eleae
270 1350 375 1409 ulrum
405 1344 583 1428 paullulum
610 1345 644 1410 in
675 1346 935 1430 pronuntiatione
960 1345 1003 1411 ad
1032 1372 1051 1432 η
1074 1343 1279 1411 inclinaverit

151 1461 195 1506 an
217 1461 296 1524 pure
317 1443 525 1526 pronuntiata
541 1443 583 1508 sit
597 1479 639 1488 -
655 1443 726 1526 quis
748 1444 833 1509 enim
855 1442 964 1509 hocin
987 1442 1128 1508 fontium·
1142 1442 1279 1526 penuria

154 1538 388 1606 diudicaverit?
410 1577 451 1586 -
478 1561 573 1622 quam
596 1540 637 1606 de
666 1561 719 1622 eo,
747 1543 818 1607 elea
841 1538 998 1606 dialectus
1019 1547 1123 1606 utrum
1145 1538 1277 1623 propius

151 1635 282 1718 reliquis
303 1637 346 1718 ad
369 1641 592 1705 vestustiorem
606 1637 747 1720 'linguae
769 1645 887 1705 statum
910 1636 1044 1704 accedat
1065 1657 1177 1703 necne.

237 1733 366 1801 Scilicet
393 1736 521 1818 egregie
555 1735 729 1801 dolendum
758 1741 806 1802 est
839 1755 905 1800 non
938 1755 1042 1819 pauca
1074 1755 1115 1802 ex
1147 1734 1278 1817 reliquis

152 1831 335 1898 nominibus
361 1833 395 1898 in
425 1843 464 1896 uc
486 1838 519 1898 et
541 1843 576 1896 cs
604 1853 645 1900 ex
673 1836 744 1901 elea
773 1833 911 1900 dialecto
933 1832 1027 1899 nobis
1050 1851 1121 1900 esse
1148 1831 1278 1914 tradita,

149 1927 267 2008 quibus
282 1949 441 2011 quaenam
456 1930 578 1996 vocalis
599 1931 633 1995 in
654 1931 787 2014 reliquis
809 1930 903 1996 huius
924 1931 1052 2014 generis
1074 1925 1279 1995 nominativis

151 2026 289 2092 valuerit
311 2047 500 2112 cognoseas3
530 2048 594 2111 qua
622 2049 658 2096 re
679 2035 780 2095 totam
803 2029 1023 2111 quaestionem
1045 2027 1153 2110 aliquo
1182 2027 1277 2093 modo

150 2122 305 2188 incertam
328 2122 410 2190 effici
432 2147 497 2192 non
519 2145 612 2208 nego.

77 2219 79 2223 ’
237 2220 437 2303 Quamquam
466 2223 646 2306 suspicatus
674 2223 733 2289 sim
761 2222 867 2306 potius
895 2221 1024 2310 acaprio
1054 2229 1086 2290 et
1115 2217 1278 2307 δυσγενής

65 2331 68 2335 ’
150 2317 248 2398 quain
269 2307 431 2400 *norpe'ca
454 2309 641 2402 *δυσγενᾶς
664 2339 735 2385 esse
750 2320 968 2402 pronuntiata.
1006 2321 1076 2386 Hoc
1098 2320 1185 2386 enim
1200 2319 1278 2384 mihi
1320 2338 1335 2348 ·

147 2413 254 2478 ¹forma
276 2412 501 2500 Δαμοκράτηρ
531 2435 562 2480 u.
586 2421 616 2480 4.
660 2417 849 2499 persuadet,
879 2435 960 2499 quae
983 2436 1176 2498 quamquam
1207 2435 1279 2480 cum

151 2499 264 2597 πατᾶρ
288 2518 472 2594 comparata
494 2512 572 2578 satis
594 2513 675 2578 mira
696 2510 832 2596 videtur,
859 2518 967 2578 tamen
989 2513 1085 2578 facile
1108 2511 1278 2595 explanari
1325 2553 1326 2556 =

152 2613 275 2691 potest,
300 2606 470 2674 dummodo
497 2609 680 2676 memineris
702 2609 752 2686 (ef.
775 2612 841 2691 §4-
864 2609 922 2686 IV)
945 2628 1065 2674 morem
1087 2609 1179 2674 illum
1202 2629 1223 2674 σ
1244 2609 1279 2674 iu

150 2705 217 2772 fine
231 2707 458 2772 vocabulorum
473 2707 506 2772 in
530 2733 548 2790 ρ
571 2706 717 2772 mutandi
733 2707 812 2773 satis
827 2708 948 2773 recenti
964 2713 1107 2790 tempore
1124 2705 1158 2770 in
1174 2707 1279 2772 eleum
1315 2720 1317 2726 ⁴

153 2803 326 2869 dialectum
341 2802 516 2887 irrepsisse.
541 2804 602 2870 Per
617 2804 753 2868 multum
768 2803 863 2886 igitur
874 2805 1027 2887 temporis
1038 2800 1278 2890 Δαμοκράτηςε

150 2889 265 2984 nortio
287 2901 486 2984 pronuntiari
500 2907 681 2985 potuerunt.
718 2901 779 2968 Hic
793 2902 953 2986 quispiam
970 2901 1085 2968 dixerit
1099 2897 1279 2984 Δαμοκρά-

152 3023 214 3084 τηρ
235 3003 271 3062 ut
292 2999 452 3083 peregrini
473 2999 534 3065 uiri
556 3019 674 3067 nomen
696 3035 738 3047 —-
764 2999 926 3086 Τενέδιορ
954 3001 1039 3067 enim
1069 3005 1138 3066 erat
1160 2999 1280 3064 Damo-

150 3102 256 3162 crater
276 3097 318 3142 4-
340 3097 460 3164 nullius
481 3116 554 3164 esse
582 3098 752 3181 ponderis,
783 3097 897 3165 eodem
915 3097 1005 3188 enim
1027 3096 1123 3162 modo
1145 3096 1279 3162 aliunde
1338 3097 1339 3100 ’

151 3199 316 3274 receptum
345 3213 417 3261 esse
445 3215 507 3277 quo
540 3215 572 3260 v.
596 3200 646 3261 37.
691 3184 846 3281 Mttp'rov
879 3215 940 3277 pro
960 3197 1126 3260 Mliorov.
1155 3229 1198 3240 —
1227 3194 1278 3278 At,

153 3288 259 3369 credo,
282 3289 365 3371 Elei,
387 3291 414 3356 si
436 3293 544 3358 aliena
559 3291 698 3356 nominis
719 3291 823 3357 forma
845 3292 894 3358 usi
913 3298 1031 3374 essent,
1053 3288 1279 3377 Δαμοκράτης

152 3391 209 3450 aut
223 3385 447 3474 Δημοκράτης
463 3389 672 3472 scripsissent.
710 3389 774 3454 Res
797 3389 902 3472 igitur,
926 3390 954 3456 si
978 3389 1054 3472 quid
1069 3387 1176 3470 video,
1197 3388 1279 3452 haec

154 3481 221 3562 luit,
244 3489 279 3546 ut
301 3484 372 3550 Elei
395 3482 524 3570 ποιμήν
547 3491 579 3551 et
601 3481 739 3571 εὐγενής
755 3511 762 3548 :
778 3473 891 3570 πατᾶρ
915 3486 1068 3553 dicerent.
1112 3486 1180 3551 Hoc
1204 3504 1279 3567 que·
1379 3502 1381 3507 '

153 3578 250 3644 modo
280 3580 322 3645 eit
348 3581 466 3646 lactum
495 3582 580 3648 infra
605 3581 805 3670 docebimus,
835 3603 921 3649 nunc
948 3585 1010 3650 hoc
1037 3581 1117 3647 mihi
1143 3587 1278 3664 constat,

153 3676 351 3743 laudandum
362 3698 434 3745 esse
449 3685 482 3746 et
496 3678 697 3764 probandum
708 3679 738 3746 J.
746 3680 958 3747 Schmidtium
970 3681 1022 3761 (K.
1035 3681 1070 3746 Z.
1081 3679 1280 3759 XXIlI3l5)

150 3774 330 3841 dicentem:
374 3777 461 3855 ,Fur
493 3777 546 3845 die
575 3776 831 3845 bevorstehende
860 3777 1108 3860 Untersuchung
1134 3778 1191 3843 hat
1215 3798 1279 3844 von

155 3870 219 3938 den
240 3873 489 3955 neugefundnen
512 3875 655 3942 elisehen
677 3876 816 3942 nomen
837 3875 1020 3943 besondern
1041 3875 1132 3942 Wert
1153 3873 1277 3962 πατάρ,

154 3968 293 4036 welches
314 3991 418 4054 gegen
440 3971 504 4038 den
526 3974 646 4039 Ansatz
668 3992 732 4038 von
754 3971 871 4059 πατήρ
889 3973 939 4040 als
960 3972 1177 4056 urgrieehiseh
1200 3973 1278 4040 oder

153 4067 379 4150 ureuropeisch
411 4069 608 4153 protestirl.“
661 4071 774 4154 Longe
803 4091 879 4138 vero
916 4069 1075 4138 difficilius
1106 4091 1202 4155 quam
1237 4072 1279 4139 de
