3216 4932
583 469 718 527 redivivus
735 471 792 526 und
808 470 951 530 recidivus·
1272 467 1334 529 243

206 643 295 726 dung
318 642 376 710 des
390 661 455 707 van
470 640 535 708 den
556 644 674 706 semma
695 643 835 706 recidiua
856 643 1045 710 entlehnten
1064 641 1241 709 bildliehen
1254 645 1336 710 Alis·

206 741 328 807 drncks
349 739 399 807 itir
422 739 482 806 dns
504 739 674 823 Vergehen
696 740 763 806 und
785 740 1078 808 Wiedererstehen.
1121 740 1180 807 Bei
1205 740 1271 805 ihm
1294 740 1337 807 ist

205 837 363 902 residuus
385 837 564 905 beaonders
586 837 703 921 huufig,
725 837 792 904 und
815 857 850 904 er
871 838 928 904 hat
942 837 1061 905 durans
1076 857 1171 920 segur
1186 837 1239 904 ein
1254 837 1336 904 Sub-

208 935 384 1002 stantivnm
409 935 597 998 reatuum
626 934 693 1001 und
715 933 769 1001 die
790 934 979 1002 adverbiale
1000 933 1173 1017 Wandung
1193 933 1233 996 de
1253 935 1336 998 reai-

206 1031 443 1115 ltaagebildet.
469 1033 615 1100 Letztero
626 1031 726 1100 findet
735 1033 805 1099 sich
815 1032 849 1098 in
861 1033 950 1100 einer
961 1053 1005 1099 an
1015 1031 1070 1099 die
1080 1031 1266 1115 Erklarnng
1278 1030 1336 1098 des

207 1129 338 1198 Servius
357 1129 573 1197 erinnernden
587 1130 696 1197 wenc
710 1131 753 1197 de
767 1129 874 1214 pudic.
893 1133 931 1195 16
953 1131 984 1193 si
995 1131 1043 1194 ais
1058 1149 1178 1194 amacm
1193 1117 1337 1196 namnam
1416 1171 1422 1176 -

207 1227 346 1312 apostoli
365 1225 496 1303 ebibere,
520 1237 556 1290 ut
575 1227 754 1310 intelleqas,
778 1236 896 1312 quauta
917 1229 1024 1291 securi
1044 1247 1195 1291 caesurae
1217 1247 1337 1290 amaun

207 1326 316 1389 u'laam
338 1324 499 1388 libidinum
521 1323 664 1388 caedat
684 1334 716 1387 et
737 1324 875 1387 eradicet
898 1324 1151 1403 uerecundiam,
1186 1343 1225 1386 nc
1243 1325 1337 1409 'quid-

208 1442 300 1508 quam
328 1422 373 1484 da
403 1422 589 1484 recidiua
613 1420 826 1505 fruticare
853 1422 1031 1504 permittat,
1070 1421 1174 1504 aspice
1201 1420 1289 1484 illum
1318 1443 1338 1484 u

207 1521 289 1583 iusta
300 1518 406 1602 fraqe
423 1529 566 1593 naturae,
590 1540 610 1581 a
632 1520 825 1582 matrimonii
846 1519 916 1582 dica
935 1539 1040 1602 poma,
1063 1520 1184 1582 animas
1197 1518 1338 1582 ieiunare

209 1619 390 1701 capientem.
410 1606 491 1682 'Das
506 1616 711 1700 Adjectivum
734 1616 814 1681 aber
834 1613 934 1681 findat
955 1616 1025 1681 sich
1046 1617 1096 1681 als
1110 1615 1252 1681 Auribus
1273 1635 1337 1681 van

207 1715 358 1788 moechia,
381 1715 541 1785 maneria,
566 1712 713 1785 conditio,
737 1733 836 1775 annus
857 1711 925 1777 und
939 1713 1013 1775 aito.
1037 1712 1110 1795 vgl.
1122 1712 1164 1779 de
1179 1711 1286 1796 pudic.
1297 1717 1337 1778 20

208 1813 253 1874 ita
275 1811 451 1875 moechia
474 1811 513 1873 dc
529 1812 668 1890 pristina
690 1809 871 1874 recidiua
893 1819 926 1872 et
945 1810 1095 1874 unitatem
1116 1812 1191 1873 naci
1211 1810 1336 1883 caloris,

209 1930 228 1972 a
250 1929 312 1994 quo
324 1908 445 1991 suerat
465 1907 611 1982 exclusa,
643 1906 885 1980 commaculans,
911 1907 1129 1971 immundabile
1151 1916 1199 1970 cst
1215 1908 1337 1970 uitium.

209 2004 251 2072 de
279 2005 389 2072 anima
417 2010 459 2071 24
490 2007 521 2067 si
541 2025 603 2089 qua
625 2005 770 2088 emporis
790 2004 876 2066 ratio
898 2004 1012 2067 incutit
1031 2004 1230 2092 obliuionem,
1261 2024 1339 2089 quo·

208 2104 301 2167 modo
324 2104 518 2166 contrariam
547 2105 613 2165 cius
642 2101 787 2165 admittet
811 2099 1085 2165 recordationem?
1121 2103 1196 2187 quia
1217 2102 1339 2184 etipsa

203 2211 280 2285 post
303 2199 487 2264 obliuionem
508 2200 691 2263 recordatio
713 2199 903 2261 memoria
924 2197 1110 2262 recidiua
1132 2209 1189 2262 est.
1234 2199 1276 2266 de
1290 2218 1340 2265 ro·

209 2318 288 2363 surr.
312 2316 398 2362 carn.
424 2301 462 2360 12
498 2317 612 2359 rcaera
631 2295 775 2378 sumcere
800 2297 945 2370 interitu,
974 2307 1007 2360 et
1026 2298 1144 2359 iniuria
1154 2316 1277 2368 usura,
1309 2305 1343 2357 ct

211 2393 300 2456 lucra
323 2393 453 2466 damna,
484 2393 580 2454 scrucl
601 2392 739 2454 demerim
768 2393 913 2458 uniuersa
946 2393 1127 2456 conditio
1155 2392 1340 2455 recidiua

210 2501 273 2564 cst,·
303 2491 506 2576 quodcunque
528 2489 724 2560 concuteris,
742 2485 827 2569 ficit,
852 2488 1055 2573 quodcumqae
1077 2489 1238 2561 amiseras,
1260 2487 1342 2550 uiltil

210 2607 273 2651 uon
295 2589 309 2650 i
315 2597 328 2649 t
334 2607 440 2650 erum
463 2596 530 2648 est.
566 2584 675 2648 Omnia
691 2585 723 2646 in
740 2594 854 2647 statum
869 2584 1010 2658 redeunt,
1034 2605 1102 2648 aum
1117 2583 1339 2657 abscesserint3

209 2687 315 2748 amaia
337 2684 495 2768 iam’yriunt,
520 2702 587 2745 cum
610 2682 776 2753 desieriut;
798 2681 869 2744 idco
883 2680 1053 2766 finiuntur,
1075 2691 1113 2745 ut
1122 2680 1219 2764 ficut.
1248 2680 1343 2744 Nihil

102 2830 106 2835 .
210 2780 334 2865 deperit
355 2783 419 2844 uisi
438 2782 470 2843 ia
484 2779 625 2842 salutem.
657 2780 752 2842 Tetus
765 2780 863 2861 coitur
877 2778 928 2842 lu'a
943 2778 1023 2841 ardo
1038 2777 1219 2841 revolubilis
1233 2783 1341 2840 rerum

212 2881 337 2943 testatio
360 2889 408 2942 est
427 2877 670 2941 resurrectionis
690 2879 938 2954 mortuarum³⁰).
982 2875 1025 2941 ad
1043 2876 1238 2942 Marcionem
1259 2879 1340 2957 1,1⁷3

210 2979 256 3040 sic
277 2988 309 3040 et
333 2973 453 3049 Osirin
470 2975 555 3062 quod
574 2995 697 3058 semper
717 2975 868 3057 sepelitur
890 2985 923 3038 et
942 2976 975 3036 ia
997 2974 1099 3036 uiuido
1123 2974 1288 3058 quaeritur
1309 2982 1343 3035 ct

212 3095 278 3136 cam
293 3074 408 3157 aaudia
424 3075 588 3144 inuenitur,
611 3073 848 3155 recturacarum
860 3070 1011 3154 frugium
1033 3081 1064 3133 et
1084 3070 1259 3134 vividorum
1279 3072 1340 3134 ele·

211 3180 386 3234 meatorum
409 3181 441 3233 et
460 3170 641 3232 recidivi
661 3171 755 3232 auai
765 3167 867 3252 fidem
889 3177 1156 3251 aryumeutautur.
1200 3167 1244 3232 ad
1258 3169 1340 3232 Mar·

152 3290 155 3294 ·
212 3267 295 3331 aian.
319 3273 355 3343 4,
379 3270 419 3329 25
449 3267 506 3328 scd
526 3267 600 3350 quia
627 3274 659 3328 et
684 3267 804 3329 mortui
826 3267 888 3328 iam
909 3264 1140 3329 suscitabantur
1161 3285 1181 3326 a
1206 3263 1339 3339 Christo,

214 3364 423 3424 exsuscitatus
452 3363 494 3424 ad
513 3382 598 3445 sumu
621 3371 768 3425 aeternae
793 3363 900 3425 ailae
926 3384 987 3448 per
1015 3361 1161 3445 exempla
1188 3361 1341 3422 recidi-

213 3461 338 3536 cac⁴⁰),
369 3479 407 3520 ne
431 3457 504 3542 plus
534 3457 655 3542 aliquid
675 3459 898 3522 observationis
920 3460 1067 3541 erigeret
1086 3455 1249 3519 sublimior
1270 3478 1342 3541 spe:
1406 3476 1409 3492 ’

283 3589 320 3651 39)·
334 3587 402 3642 Hier
420 3587 481 3641 tritt
497 3585 645 3642 besonders
663 3586 766 3654 hervnr,
785 3586 848 3642 dass
866 3586 1019 3642 Tertullum
1035 3584 1080 3640 bei
1097 3585 1145 3639 der
1162 3585 1282 3640 conditio
1298 3602 1341 3640 re-

213 3669 303 3726 cidiua
331 3667 468 3722 durchans
501 3667 553 3722 den
584 3667 685 3736 ewigen
713 3667 840 3722 Weahscl
869 3666 917 3721 des
949 3666 1105 3735 Vergehens
1135 3663 1192 3719 und
1218 3664 1342 3722 wieder-

213 3750 353 3806 erstchcns
369 3747 406 3800 im
425 3747 508 3803 Sinna
525 3748 581 3813 hat,
598 3763 651 3802 van
668 3747 729 3801 dem
746 3748 795 3802 wir
812 3747 882 3802 oben
901 3745 1016 3802 62311.
1034 3746 1188 3814 ausgingen.

283 3833 316 3894 ⁴⁰)
334 3828 472 3897 Rigaltins
489 3827 526 3882 im
543 3828 625 3883 index
641 3828 793 3896 glossarum
809 3827 971 3883 Tertulliani
988 3827 1126 3894 (Ausgabc
1147 3830 1220 3879 1144.
1239 3824 1266 3881 S.
1279 3829 1340 3892 696)

214 3914 319 3968 erklirt
335 3913 391 3966 uita
407 3909 529 3965 recidiua
547 3910 586 3964 als
604 3908 742 3974 mortalis,
764 3923 819 3964 nas
836 3910 886 3962 mit
901 3908 991 3964 Recht
1007 3907 1100 3972 ¹sehon
1116 3922 1171 3962 von
1190 3907 1341 3962 Gronovius

214 3997 309 4062 geragt
330 3991 410 4058 wind,
440 3991 488 4046 der
510 3990 552 4046 die
576 3988 703 4060 euanpla
727 3989 824 4059 richtig
844 3990 966 4045 nerstein
988 3989 1029 4044 als
1051 3988 1177 4053 illorum,
1205 4002 1275 4058 quas
1297 3987 1342 4042 de-

213 4073 329 4142 functas
349 4071 473 4129 Christus
490 4089 508 4126 a
525 4077 612 4126 morte
629 4070 767 4149 eucitacit.

1085 4154 1139 4207 16*
