3226 4948
290 459 333 513 De
351 457 462 513 ablativi
480 457 508 510 in
525 456 660 510 veteribus
677 455 775 523 linguis
792 455 890 509 italicis
908 453 996 507 forma
1015 457 1042 506 et
1059 469 1111 508 usu
1128 453 1215 508 locali.
1253 449 1315 512 395

322 630 457 697 aedibus
479 629 645 697 absterrui.
680 629 776 693 Titin.
801 633 852 692 45.

321 724 485 810 egredere,
509 729 571 811 exi,
596 727 679 794 ecfer
701 733 732 792 te
754 726 886 793 elimina
907 725 995 790 urbe.
1030 723 1145 790 Accius
1168 727 1240 789 593.

323 846 419 908 quam
441 833 600 904 extorrem
622 826 683 891 hac
705 825 799 890 domo
822 824 957 890 faciam..
982 823 1079 890 Titin.
1096 825 1146 905 77,
1171 823 1225 889 ubi
1243 822 1320 888 Rib-

119 968 127 979 ·
194 923 291 990 beeki
312 909 494 990 conieot'ura
515 924 677 1008 probatur.

323 1043 472 1107 evolvam
487 1050 573 1108 terra
587 1047 643 1108 aut
659 1042 740 1107 mari
751 1049 806 1106 aut
820 1039 982 1107 alicunde.
1005 1041 1109 1105 Pleut.
1122 1039 1238 1106 Pseud.
1246 1041 1319 1105 365.

323 1147 416 1222 porta
437 1140 593 1206 exierunt.
626 1140 693 1205 Mil.
720 1143 810 1219 1432,
836 1159 898 1221 quo
920 1139 991 1204 loco
1011 1147 1147 1222 portum,
1177 1137 1264 1221 quod
1285 1135 1320 1203 in

194 1236 265 1303 cod.
288 1237 398 1302 Ambr.
427 1236 553 1319 legitur,
588 1236 673 1302 haud
702 1238 833 1301 omuino
861 1235 1058 1303 reiciendum
1087 1240 1152 1318 est,
1181 1236 1321 1323 sicom-

195 1354 347 1417 paramus
365 1353 414 1418 ea,
439 1355 521 1418 quae
536 1335 745 1401 usitatissima
759 1340 848 1400 sunt:
871 1335 965 1397 66666
979 1332 1095 1405 urbem,
1119 1334 1212 1396 limen
1227 1334 1321 1396 6666

195 1433 270 1498 Ter.
294 1431 372 1497 Η66.
396 1435 467 1512 378,
490 1453 595 1516 graec.
619 1431 755 1498 ἐκπλεῖν
777 1431 834 1496 τὸν
853 1427 1104 1518 Ἑλλήσποντον.

323 1551 429 1633 patria
451 1550 512 1616 hac
534 1551 695 1635 effugiam.
729 1551 823 1616 Mero.
847 1553 919 1615 660.

324 1667 420 1712 manu
458 1649 590 1715 emisisti
627 1649 801 1715 mulierem.
850 1649 949 1714 Persa
971 1651 1043 1713 482.
1087 1647 1202 1714 Mirum
1235 1645 1321 1731 quod

195 1743 329 1811 Plautus
355 1753 452 1828 atque
473 1748 643 1814 Terentius
672 1766 798 1830 semper
827 1746 888 1812 hoc
910 1745 1008 1811 verbo
1031 1747 1207 1830 composito
1232 1746 1322 1808 emit·

196 1850 264 1904 tere
293 1849 424 1909 utuntur
451 1845 501 1921 (ci.
524 1845 597 1912 Lor.
620 1845 654 1910 in
677 1845 727 1910 ed.
750 1839 866 1910 Pseud.
889 1847 974 1921 346).
1019 1844 1102 1909 Nam
1132 1843 1227 1909 Bothi
1255 1841 1322 1908 edi-

194 1939 284 2020 tioni,
308 1941 362 2005 ubi
383 1943 554 2024 aliquoties
568 1963 660 2004 manu
676 1944 799 2004 mittere
820 1943 945 2024 legitur,
969 1962 1034 2007 non
1057 1942 1190 2007 multum
1212 1941 1322 2007 tribui·

195 2056 266 2103 mus
289 2038 340 2115 (ci.
364 2037 472 2106 Oasin.
495 2041 536 2121 11,
560 2044 589 2121 8,
614 2043 653 2106 38
677 2061 706 2104 6.
729 2045 778 2116 6.).

324 2158 472 2224 manibus
495 2159 628 2224 amisisti
650 2157 815 2243 praedam.
850 2146 926 2224 Mil.
941 2163 1013 2224 457.
1042 2184 1046 2192 ·

211 2315 218 2326 ,
325 2263 482 2339 opsonatu
503 2256 610 2321 redeo.
643 2257 728 2338 Men.
752 2260 824 2320 277.
849 2259 926 2339 288;
950 2255 1022 2323 Cas.
1047 2256 1106 2342 ΙΙΙ,
1131 2260 1159 2338 3,
1183 2260 1235 2324 98.

325 2352 420 2417 eiciat
442 2353 570 2436 oppido.
605 2355 678 2417 Ter.
702 2353 803 2416 Andr.
826 2356 897 2416 382.

318 2449 455 2520 ,666661
477 2455 611 2532 argento
633 2469 736 2516 senes.
774 2451 852 2515 Pho.
877 2454 949 2516 682.

326 2565 398 2611 erus
421 2567 520 2613 uxore
543 2545 671 2612 excidit.
706 2547 805 2611 Andr.
830 2551 902 2613 423.

324 2646 466 2727 apueris
481 2643 645 2709 abscessit.
669 2645 771 2710 Naev.
784 2649 835 2726 26,
857 2647 877 2712 i.
894 2665 921 2710 6.
945 2645 1042 2729 longe
1057 2646 1149 2712 abest
1163 2667 1183 2712 a
1202 2649 1320 2731 pueris·
1347 2692 1356 2707 .

251 2747 299 2804 at:
323 2759 364 2805 ex
395 2741 527 2824 ephebis
560 2742 725 2808 excedere.
774 2744 868 2808 Mero.
897 2746 953 2824 61,
985 2743 1005 2806 i.
1036 2763 1063 2808 e.
1101 2742 1196 2809 desiit
1224 2745 1321 2830 ephe·

198 2836 257 2902 bus
279 2857 360 2902 6666.

216 3012 218 3022 ,
272 2955 303 3033 b)
325 2976 342 3022 e
364 2966 537 3041 conspectu
559 2959 633 3024 hinc
655 2957 797 3023 amolire.
831 2959 949 3023 Pacuv.
975 2961 1044 3024 184.

327 3057 393 3120 exit
415 3076 456 3122 ex
477 3056 612 3122 aedibus
635 3076 804 3138 quoquam.
837 3057 940 3121 Plaut.
963 3055 1078 3121 Pseud.
1104 3059 1174 3121 730.

327 3155 505 3220 exturbasti
528 3174 569 3219 ex
589 3152 733 3220 aedibus.
768 3153 856 3218 Triu.
883 3157 950 3219 137.

327 3269 455 3332 possum
478 3270 529 3315 me
551 3252 700 3318 evolvere
723 3271 763 3316 ex
785 3251 836 3317 his
857 3252 966 3318 turbis.
1000 3254 1073 3318 Ter.
1086 3253 1175 3320 ‘Pho.
1199 3255 1270 3318 824.

285 3367 345 3431 Η16
367 3386 442 3434 6666
467 3387 526 3452 per
547 3375 645 3434 totam
668 3369 860 3436 latinitatem
883 3371 1025 3454 vulgaris
1047 3377 1126 3436 erat.

241 3520 283 3584 ll.
328 3519 434 3584 Verba
456 3521 649 3603 abstinendi,
674 3522 843 3603 liberandi,
867 3523 1024 3590 solvendi.

276 3641 307 3715 a)
329 3638 462 3721 capitali
485 3640 605 3724 periclo
627 3661 678 3706 me
700 3643 838 3707 servavi.
872 3643 976 3709 Plaut.
999 3642 1088 3708 Trin.
1115 3646 1204 3712 1688.
1365 3721 1366 3726 .

328 3757 386 3814 666
408 3737 491 3804 curis
512 3738 595 3804 solvi
617 3739 739 3804 ceteris.
773 3741 848 3807 Ter.
872 3740 949 3807 Η66.
974 3743 1045 3806 239.
1254 3729 1260 3737 ’

327 3834 507 3916 requiescat
528 3835 631 3901 malis.
664 3836 787 3902 [lunius
808 3846 847 3903 tr.
871 3841 942 3903 295.

328 3931 415 3998 dicta
435 3933 528 4000 iactis
551 3932 744 4016 discrepant.
778 3937 892 4002 Accius
915 3941 965 4002 48.

327 4054 422 4100 curae
444 4053 555 4102 somno
578 4054 629 4101 66
652 4041 832 4118 segregant.
866 4034 953 4100 Sext.
977 4036 1075 4118 Turp.
1099 4038 1149 4100 52.
