3234 4930
286 449 348 508 114
782 449 916 504 Baunaclr

373 624 426 699 25)
456 621 732 688 rra-castra·
750 617 1210 705 οτορνύει(οο(1.κα-σπέλη).
1234 620 1311 686 Ahr.
1322 621 1348 703 Ι,
1361 625 1412 684 41.

372 733 425 808 26)
456 729 605 799 κα-λεύ
615 749 694 799 ειν·
736 729 932 814 λιθοβολεῖν
971 729 1150 796 Schmidtio
1186 728 1414 812 „occatoriam

286 826 491 909 καλλεύειν“,
528 836 563 895 ut
595 829 628 896 in
662 828 890 895 commentario
919 827 982 910 ait,
1017 845 1089 894 esse
1118 827 1255 896 videtur.
1300 828 1415 895 Confer

286 925 480 993 sarcitector·
503 927 692 1011 λιθοβολεῖ.

374 1044 427 1119 27)
458 1040 673 1124 κα-βλέει·
700 1042 896 1104 καταπίνει·
918 1037 1013 1121 βλέει
1034 1059 1093 1123 pro
1115 1039 1255 1122 *βλέπει
1278 1041 1417 1124 pertinet

287 1135 331 1204 ad
354 1136 495 1204 radicem
517 1137 578 1221 βλο
602 1138 654 1204 vel
675 1142 749 1222 βρο,
773 1155 855 1220 quae
876 1155 917 1202 ex
938 1133 1031 1221 βρύα
1055 1143 1198 1222 apparet.
1234 1136 1326 1217 Quod
1350 1138 1417 1221 qui·

290 1234 362 1300 dem
385 1235 517 1300 verbum
534 1234 695 1319 Hesychio
713 1241 843 1302 auctore
865 1233 998 1300 bibendi
1019 1233 1285 1318 significationem
1307 1236 1415 1318 habet,

287 1331 373 1414 quod
402 1332 532 1415 glossae
559 1337 663 1417 βροῦς
692 1332 777 1415 (lege
798 1336 902 1415 βροῦν
925 1331 945 1396 i.
970 1350 997 1397 e.
1020 1336 1116 1416 βρῦν)
1145 1343 1238 1398 πιεῖν
1261 1340 1293 1399 et
1317 1338 1415 1417 βρῦν·

287 1439 381 1495 πιεῖν
402 1429 470 1507 (cir.
492 1428 629 1515 βρύξαι·
654 1428 787 1511 tanaim
816 1426 987 1513 βρύττειν·
1017 1426 1163 1506 ἐσθίειν)
1187 1429 1417 1496 demonstrant.

288 1526 358 1592 Huc
385 1533 510 1611 spectat
531 1528 628 1593 etlam
654 1531 795 1612 βρῦ-τον
817 1527 1065 1593 substantivum.
1110 1525 1249 1593 Verbum
1273 1527 1416 1595 eiusdem

286 1623 405 1691 radicis
437 1625 537 1690 alium
571 1625 606 1691 in
639 1623 768 1690 modum
800 1624 969 1690 formatum
1003 1623 1036 1688 in
1071 1625 1278 1709 Hesychiana
1308 1625 1418 1708 glossa

289 1724 527 1806 κατα-βλέθει·
552 1726 732 1788 καταπίνει
754 1728 870 1788 exstat.

373 1840 427 1916 28)
458 1833 606 1902 κά-θε·
630 1834 751 1912 ἐπίδος
767 1857 863 1919 quam
884 1837 1024 1919 glossam
1040 1836 1236 1902 Schmidtius
1250 1836 1285 1900 iu
1308 1834 1417 1920 κάθες

288 1937 447 2019 corrigere
469 1934 608 2013 mavult,
639 1933 736 1998 etiam
765 1935 835 2000 sine
858 1942 1038 2000 correctura
1058 1933 1101 1999 ad
1123 1931 1417 2018 aliarum'impera

287 2033 346 2096 tiri
366 2033 548 2113 formarum,
572 2032 618 2096 uti
632 2028 815 2114 παρά-οχε,
839 2029 984 2110 ἓπί-οχε,
1010 2029 1128 2098 ἒνίοπε
1143 2033 1328 2114 analogiam
1351 2031 1419 2111 (of.

289 2133 429 2214 θοίμην,
458 2127 621 2195 ἐπίθοιτο
651 2129 792 2210 aliaque)
820 2135 926 2211 potest
955 2128 1124 2212 explicari,
1155 2131 1199 2194 uti
1229 2129 1356 2195 Curtius
1385 2131 1418 2195 in

289 2224 385 2292 Verb.
408 2225 452 2307 11,
476 2228 516 2290 36
538 2231 782 2308 argumentatus
804 2234 862 2291 est.

375 2342 429 2416 29)
459 2336 733 2404 κα-τέτλατο·
762 2339 990 2422 κατετολμᾶτο
1020 2361 1079 2424 pro
1106 2339 1417 2424 plusquamperfecto

289 2437 386 2503 medii
409 2435 531 2520 accipio
554 2435 636 2512 (cod.
660 2435 865 2514 κατετλᾶτο).
903 2438 1096 2505 Dubitanter
1117 2437 1313 2504 Schmidtius
1335 2461 1417 2515 „ro-

288 2534 434 2608 rtrtc‘?“
456 2533 600 2599 adnotat.
646 2533 762 2602 Confer
784 2534 956 2618 τέτλαμεν.

374 2652 428 2726 30)
457 2644 713 2732 κά-τροπον·
737 2649 899 2727 κάταντες
921 2649 1048 2732 glossae
1063 2651 1152 2732 origo
1174 2656 1311 2732 apparet
1334 2668 1416 2715 eom-

288 2754 402 2833 parato
425 2766 473 2828 eo,
497 2745 583 2829 quod
605 2745 787 2829 Hesychius
809 2748 894 2813 inira
915 2746 1058 2830 praebet,
1083 2743 1334 2831 κατά-τροπον·
1357 2744 1418 2811 κοῖ-

289 2862 423 2920 ταντες·
446 2841 684 2929 πρόσ-τροπον
708 2842 744 2910 δὲ
768 2843 807 2908 τὸ
832 2842 990 2910 ἐναντίον.

377 2958 430 3032 31)
460 2954 716 3042 κα-φάοιος·
744 2954 811 3044 μήν
840 2958 975 3025 tortasse
996 2979 1017 3023 a
1039 2955 1232 3045 κατά-φημι
1261 2957 1417 3040 originem

290 3053 396 3120 traxit.

377 3152 429 3224 32)
453 3173 576 3235 κα-ρρ
587 3149 702 3231 ἄξαι·
719 3150 929 3240 καταρράξαι
941 3153 982 3218 ab
999 3150 1132 3240 ἔρρηξα,
1150 3149 1292 3240 ῥήγνυμι
1306 3157 1418 3235 aperte

291 3246 467 3314 descendit.

246 3363 250 3368 ·
378 3348 431 3421 33)
461 3342 635 3411 uereor·
661 3342 812 3427 ἱμάτιον·
835 3346 916 3429 ταχὺ
940 3348 997 3411 καὶ
1012 3345 1114 3431 τραχὺ
1130 3344 1354 3430 περιβόλαιον
1377 3364 1419 3412 ex

291 3443 348 3508 καὶ
372 3440 472 3507 ἕσσον
502 3447 606 3508 ortum
636 3462 707 3510 esse
736 3445 886 3526 opinatus
914 3449 963 3509 est
985 3442 1181 3510 Schmidtius
1203 3465 1228 3510 s.
1251 3464 1281 3509 v.
1305 3441 1418 3509 ἕοοόν.

291 3541 335 3604 Α)
354 3560 429 3607 mea
450 3539 578 3622 quidem
602 3540 764 3607 sententia
786 3538 984 3617 rc-l-t'ooov
1009 3543 1196 3608 coaluerunt
1225 3541 1292 3619 (cir.
1316 3539 1418 3626 δῆλος

292 3657 333 3705 ex
362 3637 517 3724 διε-ηλος
539 3637 644 3721 Etym.
667 3659 699 3722 p.
723 3642 812 3720 604),
843 3657 882 3703 ex
910 3656 988 3720 quo,
1018 3635 1203 3704 111κάοοον
1232 3637 1418 3718 scribamus,

292 3734 434 3801 efficitur.
469 3731 664 3800 sulcantem
686 3735 950 3818 significationem
973 3734 1006 3798 in
1029 3734 1091 3801 hac
1107 3755 1186 3802 voce
1208 3735 1307 3801 habet
1322 3741 1419 3816 atque

292 3832 327 3896 in
349 3831 522 3917 κά-βλημα
546 3829 608 3915 (5))
637 3839 669 3896 et
692 3829 891 3916 κά-οτρωμα
913 3830 1011 3916 (16))
1048 3832 1147 3898 vestis
1169 3831 1211 3898 ad
1241 3833 1342 3915 pedes
1366 3831 1421 3897 de·
1545 3925 1547 3932 Ι

293 3927 396 3994 fluens
419 3928 625 4012 significatur.
671 3929 719 3994 De
743 3927 843 3995 ἕσσον
866 3929 975 3995 confer
997 3949 1094 4014 supra
1115 3951 1147 4013 p.
1172 3934 1222 3994 75.

381 4029 432 4103 34)
462 4024 652 4106 κολάζει·
676 4022 850 4110 ὀγκοῦται·
871 4022 1004 4108 Ἀχαιοί
1026 4047 1067 4094 ex
1089 4024 1293 4106 *κα-κλάζει
1316 4031 1348 4092 et
