3218 4934
589 503 709 560 Schcdae
726 503 925 574 grammaticae.
1262 499 1322 560 123

196 677 429 764 Κλεινόδημος
466 683 498 743 et
534 675 759 763 Κλεί-δημος,
805 674 1026 755 merodorum
1063 686 1094 745 et
1131 676 1322 756 Κλείδικος,

195 775 449 863 liriniaco-diros
481 782 514 842 31
545 773 768 861 Κλεισθένης.
819 775 888 840 Η33
922 796 962 841 ex
995 796 1083 842 more
1115 784 1189 842 sunt
1222 777 1324 859 expli·

195 873 302 939 canda
323 873 540 959 Κλει-γένης,
564 871 822 954 -1ᾶς,-9εμις,
852 871 995 960 -μήδης,
1024 896 1168 959 -σοφος,
1197 874 1323 958 adbuc

196 969 303 1049 Quare
325 970 758 1052 3113311131Κλεί-μαχ3ς,
781 991 880 1054 3333
901 972 1035 1057 proiecti
1055 993 1173 1056 sumus,
1197 973 1323 1038 collatis

196 1066 428 1150 Κλειτόμαχος
451 1076 483 1136 31
505 1066 736 1151 Κλεινόμαχος
761 1070 823 1135 hoc
844 1069 940 1135 modo
964 1078 1066 1136 ortum
1090 1090 1162 1137 esse
1185 1065 1334 1137 videtur(

197 1165 299 1244 Quam
330 1167 458 1249 quidem
494 1169 703 1234 mutationem
740 1166 957 1250 hyphaercsin
993 1169 1192 1253 syllabarum
1223 1168 1323 1234 nomi·

195 1283 275 1330 uaro
297 1264 406 1330 velim.

281 1486 324 1550 ΙΙ.
355 1486 444 1553 Inter
459 1485 647 1551 Corinthi
669 1487 903 1569 inscriptiones,
927 1506 1007 1568 3333
1025 1486 1212 1552 Fouoartius
1236 1483 1324 1550 deiu-

196 1601 272 1666 ceps
295 1582 397 1649 edidit
423 1587 595 1662 (87-197)
625 1585 695 1649 3313
718 1587 787 1648 873
815 1586 958 1660 (Τλέσον
986 1588 1107 1667 [aperte
1136 1603 1194 1666 pro
1219 1580 1323 1647 Τελέ-

197 1684 276 1758 σων]
306 1675 480 1765 ὃΝεάρχο
497 1685 530 1761 (1)
560 1681 712 1754 tuotone)
743 1682 876 1763 antiqua
906 1688 963 1748 est.
999 1715 1037 1726 -
1070 1683 1170 1747 Deest
1198 1680 1259 1745 hac
1287 1680 1322 1744 in

196 1778 323 1860 sylloge
339 1781 556 1846 memorabilis
571 1780 629 1844 illa
644 1779 807 1862 inscriptio
831 1779 903 1862 po'st
921 1787 1058 1862 reperta,
1081 1799 1177 1861 quam
1194 1778 1321 1844 Curtius

193 1875 228 1940 in
249 1876 341 1942 Stud.
365 1878 429 1942 vol.
449 1877 535 1957 vill,
559 1882 620 1942 465
644 1885 676 1943 31
697 1877 877 1959 Lollingius
899 1878 1168 1959 „Mittheilungen
1192 1876 1249 1943 des
1272 1896 1324 1940 ar-

194 1974 340 2057 chaolog.
363 1975 509 2042 Instituts
531 1976 566 2041 iu
587 1975 717 2041 Athen“
740 1975 766 2055 1,
790 1979 830 2038 49
853 1981 1001 2041 tractant.

175 2315 179 2320 α
279 2228 337 2294 ΙΙΙ.
381 2230 621 2311 Argivorum
657 2219 915 2316 inscriptionum,
950 2249 1029 2313 3333
1058 2229 1245 2295 Fouoartius
1279 2229 1321 2294 ab

194 2345 247 2389 no.
273 2329 331 2389 108
365 2346 466 2407 usque
498 2327 540 2392 ad
577 2331 663 2394 1593
697 2328 813 2407 edidit,
852 2346 975 2410 paucae
1010 2326 1202 2393 vetustiores
1236 2333 1319 2390 sunt.

71 2464 75 2472 ι
194 2417 368 2503 A'ntiquam
391 2424 578 2507 scripturam
601 2427 690 2491 solae
715 2429 774 2492 198
798 2422 968 2501 (dodinae)
999 2428 1086 2488 1593
1108 2419 1265 2494 (datdeus
1290 2430 1322 2488 et

195 2516 347 2596 ἐποίεσε)
369 2519 532 2585 exhibent.
572 2518 694 2596 Notatu
716 2541 798 2604 3333
821 2519 920 2603 digua
942 2520 1071 2586 suntin
1094 2521 1226 2587 brevem
1248 2539 1324 2584 con-

196 2621 340 2699 spectum
363 2635 582 2699 congeramus.
1145 2633 1150 2640 “

283 2717 313 2789 1)
351 2713 429 2778 Cum
452 2714 508 2779 alii
530 2721 598 2780 tum
615 2714 726 2796 Argivi
748 2717 913 2797 antiquam
936 2713 1081 2780 vocalem
1104 2739 1125 2777 α
1147 2713 1182 2778 13
1205 2709 1320 2796 icosio

198 2812 302 2892 1441),
334 2809 430 2896 ἱαρόν
456 2815 543 2878 1573
570 2831 788 2878 asservavere.
822 2847 865 2856 -
901 2811 985 2876 Dein
1009 2831 1072 2876 vox
1099 2831 1158 2895 per
1183 2830 1218 2876 se
1240 2811 1321 2876 mira

195 2906 355 2990 ἱμασσίαν
385 2929 442 2993 pro
466 2905 628 2991 αἷμασίαν
651 2909 777 2976 videtur
798 2907 884 2974 diota
911 2927 997 2990 3333,
1027 2928 1162 2992 quacum
1186 2902 1320 2973 αῖκ-λον

194 3012 226 3072 31
249 3003 374 3071 irc-reto
403 3006 621 3090 comparanda
643 3015 717 3074 sunt
745 3006 813 3087 (cir.
834 3028 866 3090 p.
884 3009 936 3082 79)
978 3041 1019 3052 -
1048 3008 1086 3072 13
1108 3006 1219 3072 formis
1242 3029 1320 3090 coy-

193 3101 323 3190 γράφου
350 3104 437 3168 loch
462 3111 493 3170 et
516 3103 702 3191 συγγράφοι
727 3109 815 3169 1573
838 3104 929 3180 (dat.)
951 3103 1010 3169 1311
1033 3129 1051 3188 ρ
1074 3104 1196 3170 vocalis
1218 3112 1322 3170 muta·

193 3201 291 3267 tionis
313 3221 420 3266 causa.

280 3301 311 3373 2)
348 3297 487 3363 Maxime
518 3300 670 3366 notabilis
704 3307 753 3366 est
784 3301 879 3364 inser.
912 3303 1016 3379 1153,
1050 3319 1133 3381 3333
1164 3301 1321 3366 terdecies

194 3395 410 3460 accusativum
438 3392 644 3477 Αἰγιναίανς
677 3403 709 3464 et
741 3397 835 3464 toties
861 3392 1140 3480 Ἀλεξανδρείανς
1175 3397 1315 3463 exhibet.

194 3488 312 3556 Gonier
327 3491 405 3555 Ahr.
423 3492 465 3574 ΙΙ,
491 3496 560 3575 196,
584 3494 637 3576 331
660 3493 723 3572 „de
745 3472 957 3577 drgivoruw
980 3492 1026 3558 ait
1048 3493 1130 3571 „hac
1152 3499 1321 3561 consuetu-

193 3586 270 3653 dine
292 3607 333 3653 ex
360 3587 618 3673 inscriptionibus
648 3592 729 3656 nihil
758 3592 909 3658 discimus
930 3608 1036 3672 neque
1058 3591 1125 3657 eius
1148 3593 1318 3674 vestigium

193 3693 354 3752 servatum
377 3693 426 3752 est
446 3687 480 3750 iu
503 3686 632 3754 foedere
648 3690 839 3773 Argivorum
862 3674 1028 3774 (Thuofv,
1046 3696 1130 3770 79).“
1173 3690 1211 3755 Ι3
1235 3689 1320 3756 decl.

193 3782 337 3850 secunda
358 3791 466 3850 autem
487 3785 608 3852 uasalis
623 3794 699 3852 ante
713 3787 817 3870 sigma
832 3788 913 3855 elisa
928 3796 992 3856 est:
1018 3792 1075 3853 157
1087 3811 1116 3871 3,
1138 3793 1179 3853 42
1201 3789 1318 3872 legitur

191 3881 393 3948 accusativus
414 3880 472 3960 τὸς
495 3877 597 3958 αὐλός
619 3890 716 3966 31333
739 3885 835 3952 etiam
861 3887 958 3968 15tlh,
985 3889 1023 3951 19
1046 3885 1112 3963 τώς
1133 3907 1200 3953 333.
1216 3889 1260 3972 pl.
1276 3923 1320 3933 -

129 4055 136 4069 ι
192 3977 289 4044 Vocis
311 3973 466 4062 Ἄρτεμις
495 3979 637 4046 dativum
663 3977 800 4067 Ἀρτάμι
830 3986 918 4049 1093
945 3983 1090 4050 conferas
1120 3985 1216 4050 velim
1246 4005 1317 4050 cunr

192 4075 336 4141 laconico
352 4074 514 4160 Λιμνάτι,
541 4082 600 4143 162
608 4100 637 4146 3.
672 4078 737 4146 Sed
751 4076 922 4164 Ἀρτέμιδι
938 4101 1064 4165 333333
1082 4087 1168 4148 1473
1190 4083 1319 4166 legitur.
