3226 4948
274 422 336 485 346
670 488 674 493 t
788 421 879 490 Spiess

262 600 315 669 ad
330 597 586 685 conjugationem
598 596 631 660 in
645 617 691 660 εω
705 594 909 674 transierunt,
923 598 959 660 ut
972 591 1058 675 apud
1070 592 1258 661 Alcmanem
1275 585 1408 675 ὁρέων

272 701 309 766 11.
324 703 375 778 87.
412 701 564 763 Attamen
586 713 683 760 unum
707 692 803 776 hujus
823 691 1008 758 mutationis
1030 693 1212 776 exemplum
1233 692 1407 761 invenisse

206 784 233 868 ’,
272 799 332 864 sibi
348 797 436 862 visus
451 802 500 862 est
511 795 647 872 Ahrens,
670 811 740 858 cum
755 790 789 855 in
805 810 930 874 papyro
947 791 975 854 3.
993 793 1011 851 5
1026 789 1110 856 inter
1124 791 1284 856 vocabula
1298 787 1406 860 vald'e

271 896 442 962 obliterata
456 893 608 975 scriptum
624 908 695 956 esse
710 896 800 972 putet
821 886 976 966 ἐνθοῖσα,
999 887 1085 970 quod
1099 886 1217 955 Blassii
1233 909 1318 956 nova
1333 891 1405 956 col-

271 993 349 1082 latio
364 989 607 1072 confirmat,'qui
622 987 756 1052 adnotat
771 987 851 1052 Mus.
867 986 968 1051 Rhen.
984 985 1080 1051 XXV
1095 1006 1127 1070 p.
1146 989 1204 1052 193
1220 986 1315 1054 facile
1336 1009 1401 1072 pro

272 1112 326 1156 εα
341 1089 405 1172 legi
428 1107 523 1172 posse
544 1086 665 1168 (Bergk
681 1082 847 1159 1νθέ..α).
876 1085 982 1167 Atque
1003 1084 1085 1151 haec
1099 1076 1239 1169 suspicio
1262 1094 1402 1170 augetur

271 1187 428 1269 scriptura
454 1185 573 1253 codicis
599 1184 716 1264 1158,
746 1183 800 1248 ubi
823 1180 976 1247 ἐ’νθεον
998 1183 1109 1266 Bergk
1137 1189 1313 1267 praeeunte
1334 1184 1400 1250 Lo-

271 1286 386 1352 beckio
409 1283 644 1368 simplicissime
666 1282 698 1347 in
724 1276 1014 1346 ἄνθέον11111111.
1059 1280 1125 1366 Sed
1148 1281 1311 1364 utriusque
1331 1283 1399 1348 loci

271 1403 311 1451 ea
332 1391 381 1451 est
402 1381 556 1463 condicio,
580 1388 615 1446 ut
636 1399 677 1446 ex
699 1381 739 1445 iis
761 1378 843 1444 nihil
865 1381 943 1445 certi
964 1377 1073 1462 colligi
1095 1379 1206 1463 possit.
1250 1379 1397 1461 Accedit,

270 1481 356 1564 quod
384 1479 530 1548 ἒνθοῑοα
558 1480 654 1544 etiam
684 1477 767 1544 alias
795 1476 894 1543 habet
916 1475 1134 1560 difficultates,
1163 1498 1221 1561 pro
1249 1496 1311 1559 quo
1341 1475 1399 1544 ἐν·

270 1584 397 1646 θέοιοα
425 1578 477 1645 111
508 1574 652 1643 ἐνθεῖσα
680 1575 733 1642 111
763 1573 954 1640 Laconicam
984 1574 1120 1640 formam
1149 1571 1307 1641 ἒνθέωοα
1341 1595 1397 1642 ex-

270 1684 406 1762 spectas,
429 1682 462 1742 et
482 1675 556 1740 aliis
577 1675 656 1740 locis
679 1693 750 1740 cum
766 1673 952 1755 cinguntur
975 1667 1112 1749 ἄνθος
1134 1676 1185 1754 26,
1210 1668 1319 1757 ἄνθη
1340 1677 1393 1756 38,

270 1771 429 1851 ἄνθεος
454 1777 524 1838 117.
568 1773 603 1838 si
631 1791 707 1838 vero
737 1771 808 1854 quis
838 1769 887 1835 his
914 1769 1010 1836 rebus
1039 1771 1191 1854 majorem
1214 1772 1279 1836 vim
1305 1771 1394 1837 attri·

269 1874 356 1953 buat,
379 1872 486 1938 minus
500 1878 586 1937 recte
601 1889 642 1936 cx
657 1867 788 1935 Aeolica
805 1867 942 1934 dialecto
965 1873 1055 1952 petat
1074 1869 1157 1934 hanc
1171 1870 1392 1950 mutationem,

268 1970 344 2036 licet
365 1970 399 2034 in
422 1989 461 2035 ea
482 1968 623 2033 crebrius
646 1991 662 2032 1
685 1987 742 2049 pro
765 1965 914 2049 aposita
940 1966 998 2046 sit,
1026 1985 1097 2031 cum
1127 1967 1233 2050 potius
1262 1969 1313 2033 hic
1335 1963 1392 2032 ἄν·

268 2071 375 2132 θειοα
397 2071 608 2148 exspectetur,
633 2082 729 2146 quam
752 2081 770 2128 e
792 2062 961 2129 Laconica.
1062 2099 1070 2104 -

355 2189 372 2230 1-
393 2182 451 2247 pro
475 2185 492 2226 ο
515 2161 548 2225 in
570 2161 701 2226 vocibus
731 2160 923 2244 quibusdam
952 2161 1109 2243 reperitur
1136 2170 1168 2229 et
1197 2182 1237 2230 ea
1258 2166 1390 2231 mutatio

269 2262 387 2328 Dorica
415 2265 545 2325 vocatur
570 2259 619 2324 Et.
647 2257 729 2326 Gud.
752 2261 825 2323 457.
850 2264 878 2323 4.
925 2260 974 2323 lix
997 2260 1152 2326 Alemone
1181 2262 1312 2328 affertur
1338 2264 1389 2329 Et.

268 2360 311 2426 M.
335 2361 407 2424 228.
430 2361 470 2423 35
492 2355 674 2442 γερνύρα
695 2357 732 2423 11.
752 2360 822 2422 132.
858 2356 1018 2440 Apollinis
1040 2378 1156 2425 nomen
1178 2359 1267 2443 apud
1290 2363 1389 2428 Dones

269 2483 285 2525 c
307 2458 459 2524 habuisse
481 2456 683 2522 Herodianus
705 2455 792 2538 apud
814 2455 961 2521 Eustath.
988 2459 1056 2521 183.
1081 2460 1099 2520 5
1128 2462 1263 2523 testatur
1284 2465 1316 2524 11
1338 2477 1390 2524 ex·

267 2561 315 2621 tat
336 2556 417 2622 hacc
438 2554 541 2621 forma
561 2554 595 2619 in
618 2553 716 2619 variis
736 2552 997 2636 inscriptionibus
1018 2554 1210 2638 transiitque
1231 2555 1273 2622 ad
1290 2556 1389 2622 Italos

267 2654 306 2720 ci.
335 2654 465 2720 Meister
494 2651 584 2718 Stud.
615 2651 660 2717 IV
687 2654 759 2716 371.
810 2651 923 2732 Itaque
953 2649 1137 2717 Laconibus
1164 2672 1289 2737 quoque
1318 2672 1388 2721 earn

267 2750 443 2818 vindicavit
465 2751 591 2816 Ahrens
614 2751 701 2817 etin
730 2748 862 2814 frustula
885 2750 1044 2816 Laconico
1068 2751 1118 2828 (11.
1142 2749 1294 2817 Coralisci
1316 2751 1390 2836 Epi·

267 2850 362 2934 lyceil
390 2849 431 2914 de
459 2848 644 2931 conjectura
670 2847 786 2930 posuit.
831 2849 952 2913 Tamen
981 2867 1046 2913 non
1079 2848 1249 2914 universae
1278 2849 1388 2915 Doridi

181 3025 185 3034 ἱ
266 2947 396 3030 propria
418 2947 460 3011 sit
480 2953 513 3010 et
534 2945 631 3010 valde
654 2943 784 3008 dubium
808 2950 865 3024 est,
889 2963 964 3008 num
980 2944 1159 3012 Laconicae
1180 2947 1250 3030 ejus
1272 2947 1389 3031 speciei
1446 2941 1451 2944 ’

266 3042 406 3108 tribuere
418 3041 602 3121 debeamus,
613 3060 804 3122 quamquam
818 3041 851 3104 in
863 3041 982 3107 tabulis
993 3038 1389 3132 Heracleensibus'Ansl-

267 3140 363 3215 λαῑος
390 3138 513 3221 legitur.
559 3137 597 3202 In
625 3136 833 3220 inscriptione
854 3138 1036 3205 Plataeensi
1065 3142 1164 3223 plane
1189 3145 1389 3226 cognoscitur

266 3232 468 3299 ΑΠΟΛΟΝΙ
492 3235 526 3301 11
549 3236 758 3319 hexametris,
787 3238 841 3319 qui
863 3237 1044 3304 nominibus
1066 3240 1191 3304 urbium
1213 3241 1387 3307 victricium

266 3333 470 3418 superscripti
493 3341 576 3400 sunt.
621 3335 851 3416 Quamobrem,
880 3355 964 3419 quae
986 3336 1073 3420 apud
1095 3345 1237 3404 nostrum
1260 3342 1386 3424 poetam

265 3434 415 3516 leguntur
434 3429 695 3510 Ἀπόλλωνος
717 3434 754 3498 11.
776 3438 828 3523 73,
849 3429 1024 3499 Ἀπόλλων
1046 3435 1083 3501 11.
1106 3438 1146 3501 83
1168 3435 1224 3500 vix
1245 3456 1266 3501 a
1289 3437 1386 3502 Laeo-

266 3531 338 3597 nica
353 3529 491 3596 dialecto
507 3531 614 3598 aliena
630 3539 712 3598 sunt.
735 3567 777 3578 -
799 3532 875 3598 Alia
889 3532 971 3599 ratio
986 3539 1035 3598 est
1050 3533 1208 3617 participii
1231 3537 1387 3619 παρέν-

266 3641 344 3694 των
366 3648 424 3712 pro
447 3626 624 3711 παρόντων
646 3628 683 3693 11.
708 3633 758 3695 64.
1120 3689 1124 3696 ,
1420 3717 1422 3721 Ι

350 3727 388 3791 Ι1
403 3725 527 3792 minore
541 3734 633 3809 parte
648 3727 799 3808 locorum,
816 3728 868 3811 qui
880 3752 899 3813 η
912 3727 945 3792 in
958 3727 1114 3794 communi
1130 3727 1241 3810 lingua
1256 3728 1385 3810 habent,
1411 3799 1417 3804 ,

266 3823 346 3891 haec
357 3824 478 3890 vocalis
490 3825 637 3890 omnibus
649 3823 795 3891 dialectis
809 3825 941 3909 propria
954 3832 1011 3892 est.
1035 3823 1203 3908 Cognitum
1219 3825 1385 3906 habemns,

266 3938 349 4005 qnae
370 3921 611 3987 terminationes
633 3929 665 3987 st
686 3941 770 4012 quae
790 3923 906 4006 stirpes
928 3923 1018 3988 illam
1040 3947 1060 4008 η
1084 3922 1258 4004 antiquitus
1280 3941 1386 3988 serva·

265 4017 384 4099 111111,
407 4036 468 4083 111
485 4019 580 4102 juvat
603 4038 800 4102 enumerare,
823 4039 906 4102 quae
923 4019 1081 4103 ejusmodi
1096 4019 1184 4104 apud
1198 4020 1385 4085 Alcmanem
