3208 4928
294 413 356 482 296
416 443 418 448 r
791 410 925 466 Schrader

293 586 395 670 vollig
408 565 459 652 'im
475 585 597 654 socos
632 585 756 650 Tamen
778 582 860 650 haec
882 603 923 649 ex
945 581 1077 648 aeolicis
1099 582 1246 650 dialectis
1268 587 1431 669 exempla

293 685 400 752 afferri
421 689 570 767 possunt:
592 682 673 749 lesb.
697 678 863 764 συνάγαγε
886 682 934 747 tit.
957 682 1047 746 Erec.
1070 680 1201 765 Sauppe
1223 682 1256 747 II
1278 686 1331 765 24,
1355 703 1427 748 arc.

293 777 422 864 ὑωᾶρχε
445 783 526 863 Teg.
548 801 579 846 v.
603 784 654 860 44,
685 797 773 874 cypr.
803 775 932 862 ἄνωγον
959 776 1007 842 Id.
1029 797 1059 841 v.
1084 781 1113 842 2.
1157 779 1329 846 Praeterea
1357 781 1428 845 huc

293 878 432 962 pertinet
448 876 686 943 don-aeolicum
710 876 750 962 ἧς
772 874 823 954 (ci.
840 897 937 959 supra
952 877 971 956 ξ
988 880 1006 940 5
1023 877 1061 940 Α.
1077 877 1093 940 Ι
1109 879 1141 952 3)
1158 899 1165 940 :
1182 874 1273 942 ἓσ-τί
1287 907 1331 928 =
1346 877 1429 942 ved.

291 980 327 1038 Iao
344 998 351 1039 ε
368 975 453 1038 cas-ti.

809 1161 828 1238 ξ
854 1164 902 1223 11.

379 1294 506 1362 Deinde
527 1295 637 1378 paullo
660 1253 820 1377 copiosius
836 1293 876 1359 de
891 1293 932 1358 iis
953 1294 1165 1359 verborum
1188 1275 1424 1362 contracto-

292 1415 373 1460 rum
402 1393 511 1460 iormis
540 1393 766 1476 exponendum
796 1397 858 1474 est,
890 1390 1028 1473 quaein
1050 1393 1200 1458 uui-verso
1224 1387 1421 1460 Graecorum

291 1511 439 1560 sermone
458 1491 604 1556 vocalem
619 1514 639 1576 νγ
656 1489 818 1572 exhibent,
842 1507 912 1553 cum
935 1489 1122 1570 praesertim
1145 1509 1338 1574 permagnus
1361 1489 1421 1555 ad·

291 1577 476 1656 iectivorum
500 1595 532 1655 et
553 1587 824 1654 substantivorum
853 1597 1004 1651 numerus
1029 1579 1161 1652 accedat
1183 1588 1225 1653 ab
1247 1587 1314 1654 illis
1336 1587 1421 1653 deri-

290 1695 446 1753 vatorum.
503 1686 663 1769 Ex'ompla
699 1692 788 1750 sunt:
833 1681 1082 1770 ἐμετρήσαμες,
1121 1684 1330 1771 ωωλήσοννι,
1345 1677 1348 1684 ’
1365 1709 1420 1749 κι-

292 1783 399 1872 νήσω,
435 1783 629 1870 ἐφθόνησε,
660 1779 819 1868 ἄρνησις,
849 1779 1023 1868 ἀκίνητος,
1053 1779 1237 1868 ἀδόκητος,
1265 1777 1417 1864 αὔλησις,

292 1880 431 1967 ὄρχησις
442 1889 501 1947 eto.
519 1904 526 1946 τ
541 1878 683 1962 capace),
699 1884 837 1962 σίμωμα,
853 1885 967 1961 μνᾶμα
984 1887 1041 1944 etc.
1061 1877 1264 1962 εμισθώοω,
1279 1883 1418 1960 μίσθω-

292 1968 345 2054 σις
361 1985 420 2044 etc.
457 1977 547 2044 Haec
562 1979 596 2043 si·
607 1995 783 2060 comparas,
806 1977 919 2058 regula
941 1976 1142 2061 conspicitur,
1167 1977 1284 2060 quain
1307 1977 1422 2042 formis

289 2075 459 2140 verborum
476 2080 707 2138 contractorum
723 2099 743 2158 η
760 2079 909 2157 apparet,
933 2075 959 2139 si
981 2094 1136 2158 praeseus
1151 2080 1278 2157 tempus
1292 2074 1326 2138 in
1341 2097 1414 2155 -εω,

291 2173 320 2250 o,
343 2171 370 2236 si
385 2171 420 2234 in
434 2167 513 2262 ῥάω,
536 2193 573 2247 ω,
596 2169 672 2235 siin
687 2167 752 2233 -όω
774 2171 978 2254 terminatur;
1001 2191 1105 2254 neque
1126 2172 1153 2238 si
1175 2184 1324 2254 graecum
1346 2177 1420 2234 tan·

289 2274 358 2332 tum
380 2286 560 2334 sermonem
582 2264 726 2350 spectas,
755 2266 841 2333 aliae
862 2275 958 2351 atque
980 2274 1016 2346 ἃ,
1041 2294 1077 2356 η,
1102 2293 1127 2332 ω
1149 2270 1279 2334 vocales
1301 2287 1414 2351 cogno·

289 2371 429 2449 scantur,
457 2365 491 2430 in
520 2383 599 2447 quas
622 2371 740 2430 exeant
766 2365 882 2450 stirpes
909 2366 1036 2431 illorum
1066 2366 1244 2432 verborum.
1290 2367 1412 2432 Tamen

289 2463 383 2530 nobis
403 2461 447 2528 ad
469 2462 651 2544 antiquiora
671 2469 817 2547 tempora
839 2463 1077 2531 ascendendum
1100 2471 1163 2546 est3
1192 2483 1267 2527 nam
1291 2462 1411 2530 etiamsi

288 2562 349 2627 hoo
370 2561 481 2644 negari
503 2565 658 2642 nequeat,
688 2562 786 2644 longe
808 2560 980 2626 maximam
1003 2553 1126 2641 corum,
1157 2579 1240 2642 quae
1262 2579 1346 2626 nunc
1368 2559 1410 2624 vi·

203 2726 206 2734 ,
290 2658 417 2742 demus,
452 2656 622 2725 verborum
650 2663 883 2723 contractorum
912 2666 1034 2740 partem
1064 2657 1148 2722 intre
1178 2658 1279 2740 ipsius
1307 2655 1410 2741 graeei

288 2756 444 2822 sermonis
466 2754 546 2821 lines
562 2775 633 2821 csse
654 2761 774 2836 natam,
798 2761 906 2821 tamen
923 2775 963 2820 ex
978 2773 1102 2820 summa
1116 2754 1307 2836 antiquitate
1327 2753 1416 2820 haud'

288 2873 393 2937 pauca
420 2853 515 2918 huius
543 2852 670 2935 generis
699 2851 850 2934 exempla
878 2851 996 2916 tradita
1024 2871 1095 2918 esse
1124 2851 1328 2918 manifestum
1354 2858 1409 2918 cst.

288 2949 425 3014 intimae
455 2949 540 3013 enim
571 2949 770 3030 cognationis
792 2949 919 3030 vinculo
941 2967 1127 3029 graecorum
1149 2950 1317 3014 verborum
1340 2969 1410 3015 con·

287 3051 459 3110 tractorum
487 3044 710 3108 formationem
739 3063 809 3107 cum
840 3043 1114 3113 sanseriticae
1143 3046 1274 3127 linguae
1303 3046 1410 3111 formis

288 3139 442 3208 derivatis
464 3140 497 3204 in
520 3139 636 3224 -ujomc'
655 3161 812 3222 conexam
834 3159 905 3207 csse
927 3140 982 3204 vix
1004 3148 1052 3206 est
1074 3141 1159 3224 quod
1181 3161 1339 3242 mopcam.

372 3235 465 3316 Quod
488 3256 558 3302 cum
581 3237 627 3302 ita
649 3239 706 3320 sit,
737 3236 959 3306 Schleicherus
986 3241 1119 3320 (comp.³
1142 3241 1214 3314 345)
1238 3239 1322 3305 hanc
1343 3260 1411 3306 vcr-

287 3335 397 3403 borum
421 3341 653 3401 contractorum
676 3336 831 3419 originem
854 3334 982 3400 statuit:
1380 3325 1383 3332 ’

287 3442 489 3516 bharajaojotc'
548 3444 724 3514 τιμαγε-σγετι
811 3442 994 3514 ‹pocejo-ajace
1100 3442 1301 3512 χροσσγε-σγετι

286 3521 505 3596 α-ὺήαναγα-εαηι
546 3521 701 3593 ἒτνμαγε-σα
813 3521 973 3592 ἐφορεγε-σα
1101 3517 1275 3589 ἐχροσσγε-σο

256 3607 258 3611 ’
548 3607 664 3678 repectu,
675 3607 793 3678 ἒτὶμσνσα
812 3608 939 3678 φορήσω,
955 3607 1084 3675 ἑφορησα
1097 3606 1245 3674 locupleto,
1258 3605 1410 3672 ἐχρύσωσα.

370 3705 522 3772 Attamen
553 3703 754 3787 putovirum
777 3701 987 3768 clarissimum
1009 3701 1122 3767 iterum
1144 3699 1195 3777 (ci.
1219 3702 1239 3780 ξ
1262 3702 1293 3776 6)
1314 3701 1350 3766 iu
1374 3721 1412 3768 eo

286 3800 460 3881 erravisse,
499 3801 584 3884 quod
621 3819 789 3884 graecas
826 3796 1127 3864 contractionis
1164 3798 1279 3876 leges
1316 3796 1412 3864 nihili

285 3898 412 3964 laceret.
460 3898 559 3964 Nullo
584 3898 686 3976 euim,
716 3897 743 3962 sl
766 3895 843 3978 quid
865 3895 948 3976 scio,
977 3891 1073 3958 modo
1101 3912 1142 3958 ex
1169 3889 1413 3977 *popejcujccc

285 3993 373 4080 apud
405 3993 527 4062 Atticos
561 3992 724 4081 φορήσει,
762 3993 851 4057 nullo
883 4010 924 4058 ex
955 3987 1208 4074 *χρνσογέσγέσι
1238 3988 1414 4070 χροσώσοι
