3208 4928
312 463 373 524 320
805 468 940 524 Schrader

396 643 437 708 Et
458 643 599 728 proiecto
622 643 758 710 arbitror
778 661 875 727 posse
896 643 957 708 hoo
972 641 1067 707 modo
1082 641 1115 707 in
1138 643 1248 726 pauois
1271 646 1449 714 voeabnlis

268 822 271 828 ¹
309 740 455 834 vooalem
484 766 503 828 q
534 741 713 825 explanari.
758 742 792 807 Si
826 739 928 822 onim,
962 738 1131 805 utstatim
1160 739 1202 804 ad
1231 760 1297 807 rem
1331 742 1452 826 ipsam

310 837 493 920 veniamus,
525 838 633 905 dorioa
654 838 778 926 θῆλυς,
801 833 967 924 &plausis
990 838 1056 915 (51)
1079 855 1247 921 comparas
1269 858 1339 904 oum
1362 849 1444 907 sort.

312 934 679 1009 thaumastoteron,
703 936 757 1002 lat.
771 935 893 1020 silure,
912 935 1048 1018 simion,
1072 934 1110 1000 sl.
1130 930 1216 1010 deno,
1240 931 1321 1026 detq,
1345 937 1445 1003 dubi.

309 1033 369 1097 tari
392 1033 448 1097 vix
476 1039 597 1117 potest,
628 1032 740 1100 barum
764 1033 934 1099 formarum
963 1031 1057 1097 radix
1083 1031 1160 1113 quin
1183 1031 1260 1096 dhar·
1287 1033 1337 1108 (of.
1360 1043 1441 1103 sert.

309 1129 448 1214 dnydmr‘)
471 1129 580 1215 tuerit3
603 1131 637 1196 in
660 1132 806 1198 omnibus
829 1130 913 1198 enim
935 1128 1055 1213 linguis
1076 1128 1142 1195 illis
1162 1130 1285 1198 vooalis
1307 1143 1323 1196 e
1344 1133 1444 1199 adai

307 1225 417 1293 reduoi
439 1234 494 1294 aut
516 1229 613 1296 dehet
635 1236 690 1295 aut
711 1236 825 1313 potest.

393 1324 477 1404 Quid
506 1326 602 1410 igitur
630 1327 657 1395 si
687 1327 809 1393 vooalis
831 1352 851 1413 η
874 1326 907 1391 in
930 1324 1041 1410 θῆλυς
1071 1323 1184 1391 eodem
1213 1325 1308 1392 modo
1338 1346 1379 1392 ex
1401 1329 1442 1391 ai

308 1429 410 1488 ortum
436 1431 485 1491 est
512 1430 608 1506 atque
636 1425 824 1492 sansoritum
848 1445 865 1486 e
887 1443 927 1490 ex
950 1421 1005 1486 ui?
1048 1421 1126 1487 Mihi
1149 1422 1277 1506 quidem
1300 1423 1436 1490 dubium

306 1541 373 1587 non
388 1520 524 1604 videtur,
547 1522 624 1605 quin
643 1522 689 1588 sio
703 1541 755 1588 res
769 1541 841 1588 sese
862 1521 992 1601 babeat,
1016 1539 1087 1587 oum
1109 1520 1297 1604 praesertim
1312 1521 1437 1589 boeo-

307 1618 414 1686 tieae
437 1618 566 1686 dialecti
587 1620 739 1703 analogia
760 1624 874 1702 exstet,
896 1638 961 1700 qua
982 1617 1112 1700 quinam
1135 1617 1229 1683 buius
1247 1619 1435 1686 mutationis

306 1715 426 1799 gradus
448 1718 575 1801 tuerint,
598 1719 669 1784 luoe
685 1718 802 1784 olarins
816 1723 960 1800 apparet.
993 1715 1213 1797 Antiquissimi
1229 1716 1314 1781 enirn
1331 1716 1434 1782 Boeo·

306 1820 408 1879 torum
432 1815 516 1882 tituli
538 1839 573 1880 αι
596 1815 747 1898 religiose
768 1819 913 1895 servant,
942 1814 1125 1896 Tanagraei
1146 1813 1210 1878 iam
1235 1813 1268 1878 in
1291 1814 1433 1896 antiquis

305 1911 566 1996 inscriptionibus
588 1913 776 1997 scripturam
793 1935 828 1976 αι
843 1911 877 1975 in
900 1934 939 1975 αε
963 1916 1101 1992 mutant,
1125 1911 1230 1976 ioniea
1251 1905 1433 1978 litteratura

230 2064 232 2068 ,
304 2015 436 2092 reoepta
462 2010 581 2094 ubique
609 2009 707 2091 idque
735 2029 860 2076 summa
888 2027 957 2072 oum
980 2009 1162 2074 constantia
1184 2032 1204 2095 q
1227 2029 1284 2092 pro
1307 2032 1358 2090 αι,
1389 2033 1430 2075 oe

304 2105 462 2171 scribitur.
496 2107 534 2171 of.
550 2108 730 2173 Beermann
752 2104 835 2172 stud.
858 2105 907 2169 IX
923 2108 973 2170 34.
1003 2105 1082 2172 Sine
1104 2105 1200 2170 dubio
1223 2105 1429 2190 igiturapud

305 2203 444 2270 Boeotos
466 2203 589 2270 vooalis
605 2228 624 2288 η
641 2203 729 2286 origo
753 2222 793 2268 ex
815 2226 851 2266 αι
873 2203 954 2268 haee
975 2202 1050 2269 fuit:
1073 2207 1141 2282 καί,
1164 2200 1235 2280 noi,
1259 2200 1302 2290 κή
1324 2223 1430 2287 neque

305 2307 363 2383 est,
386 2321 442 2368 our
463 2300 568 2368 simile
587 2300 763 2384 ‘quidquam
787 2319 814 2366 e.
832 2320 879 2384 gr.
901 2302 933 2365 in
957 2300 1065 2383 θῆλυς
1086 2300 1243 2367 auoidisse
1264 2320 1427 2385 negemus.

304 2398 373 2466 Hoo
400 2399 498 2484 igitur
527 2397 568 2466 de
598 2398 797 2484 diphthongo
827 2422 862 2463 αι
893 2399 940 2464 ab
968 2398 1089 2464 initio
1119 2398 1159 2464 in
1189 2399 1332 2466 radios
1360 2419 1428 2483 po·

303 2497 383 2564 sita
405 2498 502 2564 valet.
694 2516 697 2523 ·

389 2595 458 2660 Iam
480 2614 556 2661 vero
579 2593 668 2661 aliud
689 2593 821 2660 aooedit.
866 2591 900 2657 Si
923 2592 1008 2658 enim
1031 2587 1110 2679 ἡμι-
1130 2591 1209 2658 illud
1234 2596 1315 2677 (17),
1342 2593 1428 2677 quod

302 2692 336 2757 in
358 2693 459 2759 titulis
482 2692 611 2777 quidem
633 2691 704 2758 sine
724 2692 793 2756 ulla
815 2690 1004 2773 exceptione
1026 2709 1083 2774 pro
1097 2684 1185 2772 ‘dpr-
1207 2689 1333 2775 legitur,
1356 2712 1426 2758 oum

302 2796 375 2856 sort.
396 2790 581 2869 admi-abd.
595 2790 679 2864 admi
697 2808 874 2873 comparas,
897 2795 983 2854 oerte
1004 2787 1117 2853 mirum
1133 2786 1295 2855 videbitur
1309 2790 1426 2856 Aeoles

302 2906 428 2970 quoque
451 2894 483 2954 et
504 2888 677 2954 Dorienses
700 2907 720 2952 a
747 2885 851 2970 priseo
874 2884 996 2960 vooalis
1021 2890 1108 2951 statu
1130 2884 1314 2953 desoivisse.
1357 2887 1426 2954 Hoo

220 2979 229 2988 '
301 2983 344 3050 ad
366 2979 602 3049 enuoleauduu'r
623 2984 760 3068 primum
782 2982 896 3048 miram
918 2983 1008 3048 illam
1031 2981 1269 3049 Lesbiorum
1292 2983 1425 3050 formam

301 3077 394 3161 αἰμι-
416 3077 593 3160 (ulutantes
617 3081 666 3145 bis
690 3079 864 3172 (ionae-XI
882 3084 911 3158 t)
934 3099 991 3163 pro
1015 3073 1093 3163 ἁμι-
1115 3082 1147 3145 in
1170 3082 1354 3147 memoriam
1377 3102 1425 3149 re·

301 3194 416 3243 rooare
444 3196 525 3259 opus
553 3183 611 3243 est.
661 3175 871 3242 confirmatur
900 3175 985 3244 onim
1013 3176 1087 3260 illa,
1117 3177 1202 3262 quod
1228 3199 1425 3262 gramma·

300 3273 372 3339 tioi
404 3272 534 3339 tradunt
565 3274 699 3342 Lesbios
731 3294 788 3359 pro
816 3275 943 3359 vulgari
970 3299 1006 3360 η,
1040 3273 1107 3340 dor.
1138 3276 1159 3338 ᾶ
1185 3276 1345 3343 interdum
1377 3277 1424 3343 di-

299 3372 501 3457 phthongum
531 3395 567 3438 αι
595 3372 780 3439 exhibuisse
806 3371 845 3438 ef.
868 3372 996 3439 Abrens
1023 3371 1114 3436 196.
1160 3373 1320 3460 Exempla
1347 3394 1422 3442 vero

299 3470 577 3554 grammaticorum
595 3469 676 3538 haee
691 3477 781 3538 sunt:
804 3467 985 3549 Alaunos,
1008 3467 1172 3551 αἷμίονος,
1194 3481 1318 3553 μαῖνις,
1341 3477 1423 3537 παί-

298 3591 376 3654 τρα,
399 3566 549 3653 γέλαιμι,
571 3568 687 3651 quibus
709 3567 793 3634 inter
815 3586 851 3634 se
873 3559 1066 3652 comparatis
1088 3565 1352 3634 verisimillimum
1376 3569 1420 3633 vi·

299 3665 391 3733 detur
417 3664 584 3750 epenthesi
611 3666 696 3732 taeta
723 3665 867 3732 vocalem
891 3688 904 3729 ι
926 3666 959 3730 in
987 3658 1230 3732 antecedentem
1260 3666 1420 3750 syllabam

297 3764 472 3849 irrepsisse.
503 3763 604 3830 Paulo
619 3764 712 3831 aliter
727 3762 768 3830 de
782 3765 937 3829 θναίσκω
954 3770 986 3831 et
1006 3767 1198 3846 μιμναίσκω
1213 3762 1421 3830 iudioandum

298 3867 355 3942 est,
378 3881 462 3945 quae
475 3861 599 3945 antiqui
620 3859 818 3946 grammatioi
835 3879 853 3927 e
868 3860 1034 3947 θνηΐσκω,
1057 3861 1248 3948 μιμνηΐσκω
1265 3867 1335 3927 orta
1349 3879 1420 3928 essa

296 3958 461 4025 volebant.

382 4054 466 4136 Quid
488 4054 584 4138 igitur
605 4057 727 4140 obstat,
756 4056 924 4141 quominus
946 4055 1033 4141 quod
1061 4061 1093 4123 et
1117 4055 1151 4120 in
1174 4054 1364 4122 Boeotorum
1387 4060 1420 4130 et
