3226 4948
784 507 788 512 .
815 456 907 526 Spiess

620 693 639 773 ᾗ
665 696 713 756 16.
756 651 883 758 Varia
906 691 1111 776 quaedam.

386 830 436 893 De
465 827 681 911 spirituum
710 826 835 895 ratione
862 828 949 912 apud
972 829 1147 895 Dorienses
1175 849 1280 912 pauca
1310 849 1350 894 ex
1379 831 1427 895 in·

300 925 525 1009 scriptionibus
554 925 780 992 vetustioribus
811 925 978 1006 discimus,
1006 928 1108 993 multo
1135 927 1240 992 minus
1269 946 1310 992 ex
1337 927 1427 992 libris

299 1043 397 1089 manu
419 1022 560 1107 scriptis3
590 1023 785 1107 paucissima
805 1025 1004 1107 grammatici
1027 1024 1237 1108 praecipiunt.
1282 1025 1428 1108 Apparet

300 1139 342 1186 ex
369 1122 431 1186 hac
458 1140 493 1187 re
521 1141 585 1186 non
609 1122 743 1186 multum
767 1121 807 1188 de
828 1122 995 1187 Alcmanis
1024 1122 1160 1188 dialecto
1183 1121 1292 1204 colligi
1320 1141 1426 1204 posse.

300 1220 452 1284 Attamen
474 1218 631 1283 nonnulla
654 1219 791 1302 vestigia
818 1219 952 1284 rationis
974 1239 995 1284 a
1016 1219 1142 1302 vulgari
1165 1219 1293 1284 alienae
1314 1220 1348 1282 in
1371 1240 1427 1284 no-

228 1343 230 1349 *
299 1317 373 1382 stris
401 1315 589 1399 fragmentis
617 1315 830 1398 reperiuntur.
874 1317 970 1382 Lenis
1000 1316 1085 1382 euim
1114 1316 1245 1400 spiritus
1270 1336 1427 1382 nonnum-

299 1434 395 1497 quam
417 1418 563 1498 apparet,
586 1410 640 1477 uhi
655 1413 753 1478 Attici
776 1411 822 1489 (αἱ
839 1412 1046 1490 δασυντικαί)
1069 1435 1217 1498 asperum
1240 1414 1426 1496 pronuntia-

299 1513 393 1578 bant:
438 1507 651 1595 ἀρμόξατο
685 1531 767 1578 unus
799 1511 902 1577 codex
934 1511 963 1575 V
997 1512 1157 1578 Athenaei
1192 1510 1336 1592 praehet.
1385 1511 1425 1576 cf.

297 1605 549 1693 Ἀαμαξιόάμας
577 1607 646 1674 sine
668 1607 775 1693 asperi
803 1608 895 1691 signo
918 1608 1069 1693 scriptum
1093 1610 1125 1674 in
1148 1609 1243 1674 titulo
1265 1607 1424 1689 antiquis-

298 1709 379 1775 simo
396 1706 430 1772 0.
447 1699 473 1771 12
489 1707 527 1772 G.
545 1711 564 1770 4
587 1703 876 1788 παταρμόξασθαι
897 1706 984 1789 apud
999 1706 1237 1790 Pythagoreum
1254 1708 1424 1774 Aresamin

299 1804 434 1872 Stobaei-
453 1805 564 1887 Eclog.
587 1805 602 1868 1
626 1806 676 1868 52.
701 1806 751 1868 23.
780 1838 822 1848 —
845 1800 1064 1884 ἐπαμμένει
1085 1804 1194 1887 Bergk
1216 1805 1254 1871 fr.
1278 1809 1318 1870 20
1342 1804 1423 1884 (cod.

299 1901 468 1985 inciperet
489 1899 584 1986 παρὰ
607 1900 757 1982 δέρματα
779 1903 922 1984 θηρῶν).
952 1936 994 1946 -
1022 1902 1060 1965 In
1083 1921 1207 1986 papyro
1230 1898 1356 1967 ἅλιον
1378 1903 1425 1966 in·

298 2001 389 2067 venit
411 2001 557 2066 Blass‘h.
582 2003 611 2082 7,
641 2017 711 2065 cum
742 2005 840 2062 antea
868 1997 997 2080 spiritus
1026 1998 1151 2080 signum
1184 2020 1248 2066 non
1281 1998 1424 2097 dignosci

299 2104 493 2181 posset—
451 2051 647 2179 —Ayrdd
670 2114 745 2178 pap.
769 2098 798 2158 2.
823 2097 852 2176 6,
877 2097 895 2158 8
925 2095 1003 2160 satis
1032 2096 1164 2179 planum
1191 2104 1241 2163 est
1262 2097 1300 2162 cf.
1319 2087 1424 2179 Ἆγις,

296 2190 499 2280 Ἀγησίλαος
532 2193 612 2274 alia,
646 2190 704 2257 sed
729 2185 934 2276 Ἁγησιχόρα
962 2191 1057 2258 Blass
1084 2212 1102 2259 e
1134 2213 1220 2260 nora
1252 2195 1424 2260 collatione

299 2292 430 2358 chartae
460 2288 566 2371 dedit,
600 2309 682 2373 quae
715 2309 779 2354 vox
811 2289 898 2371 apud
928 2288 1073 2356 Lacones
1106 2300 1192 2358 certe
1220 2289 1424 2378 Ἀγησιχόρα

299 2389 407 2457 sonuit
439 2395 471 2454 et
503 2387 592 2473 apud
618 2387 794 2470 Berginium
825 2395 856 2452 et
888 2387 1080 2453 Ahrensium
1109 2409 1179 2455 cum
1213 2389 1278 2456 leni
1312 2387 1424 2473 spiritu

297 2486 455 2554 scribitur.

385 2584 633 2665 Nonnumquam
666 2582 785 2649 Dorica
817 2582 972 2648 dialectus
1005 2583 1175 2665 pristinum
1207 2590 1325 2649 statum
1359 2603 1425 2650 ser·

299 2682 405 2764 veuit,
435 2673 499 2746 ubi'
518 2681 614 2762 vulgo
643 2686 857 2747 consonantes
886 2681 1100 2761 transpositae
1129 2687 1213 2746 sunt.
1257 2681 1310 2746 Sic
1338 2680 1425 2764 apud

300 2781 506 2846 Alcmenam:
530 2775 769 2862 κερκαλύρα
790 2778 828 2842 ir.
846 2780 916 2859 142,
940 2777 1169 2860 acpdtavfr.
1187 2782 1237 2860 36,
1261 2777 1424 2864 κάῤῥων

299 2878 336 2942 fr.
353 2880 404 2958 89,
421 2896 439 2942 e
456 2874 640 2960 *adpajma
657 2894 727 2941 cum
744 2879 912 2960 κρείσσων
927 2894 968 2941 ex
982 2873 1149 2964 *τρέψον
1166 2881 1267 2940 ortum
1283 2875 1333 2940 sit.
1358 2874 1424 2940 Sed
1475 2903 1478 2908 ·

298 2979 500 3058 τέτρατον
534 2974 637 3039 forma
665 2974 702 3038 fr.
726 2977 768 3039 76
796 2973 987 3039 metathesin
1016 2990 1178 3054 perpessa,
1197 2977 1272 3056 est,
1291 2989 1374 3051 quae
1402 2991 1423 3035 a

299 3073 418 3137 Dorica
447 3070 586 3149 dialecto
614 3069 834 3154 abjudicanda
860 3077 961 3136 metro
988 3069 1141 3132 firmatur.
1185 3066 1258 3130 Non
1290 3085 1421 3149 prorsus

301 3168 414 3234 eadem
438 3168 519 3232 ratio
542 3185 613 3234 esse
635 3166 762 3234 videtur
783 3168 871 3234 vocis
894 3162 1146 3249 ὑπαπετριδίων
1169 3167 1291 3247 papi.
1309 3167 1358 3244 15,
1382 3164 1424 3230 de

300 3287 364 3350 qua
385 3265 532 3332 conferas
551 3263 653 3331 Curtii
676 3264 789 3332 erunt
811 3271 882 3330 766.

384 3364 423 3428 In
457 3363 538 3430 duas
569 3383 728 3430 consonas
762 3363 879 3430 exiisse
908 3381 1018 3426 vocem
1045 3357 1211 3442 μάκαρς
1238 3358 1277 3424 fr.
1303 3361 1351 3422 13.
1385 3361 1423 3420 14

299 3462 386 3547 apud
401 3462 590 3527 Alcmanem
605 3461 704 3527 tradit
719 3460 914 3543 Hephaestio
937 3479 969 3542 p.
986 3463 1004 3522 3
1028 3465 1061 3522 et
1081 3457 1200 3539 legitur
1221 3456 1302 3521 haec
1323 3453 1425 3519 forma

294 3559 487 3626 -Alcmanica
508 3553 595 3641 apud
618 3559 725 3642 Apoll.
749 3556 789 3623 de
811 3578 902 3641 pron.
918 3559 980 3620 334
996 3556 1033 3618 Α.
1079 3554 1147 3619 Hae
1168 3549 1321 3634 analogia
1342 3571 1424 3616 com-

254 3701 257 3708 ,
299 3657 452 3741 probatur
467 3660 506 3720 H
511 3680 526 3720 ε
536 3681 554 3740 ρ
564 3660 603 3742 tp
613 3680 631 3738 ρ
641 3679 673 3733 ς,
690 3673 772 3737 quae
787 3675 852 3719 vox
866 3654 996 3718 affertur
1011 3652 1060 3715 ht.
1077 3650 1118 3714 M.
1132 3653 1204 3715 663.
1217 3654 1256 3714 53
1274 3647 1322 3728 (fr.
1340 3651 1420 3728 149),

300 3773 492 3837 quamquam
515 3752 647 3818 Lohech
668 3751 751 3818 Prol.
768 3752 860 3816 Path·
876 3753 938 3815 282
960 3755 1088 3831 poetam
1103 3751 1235 3833 Περίηρ
1258 3745 1424 3828 scripsisse

300 3851 452 3933 conjecit,
481 3856 517 3915 ut
538 3854 690 3935 Περίηρς
718 3848 997 3931 grammaticorum
1019 3847 1233 3910 commentum
1256 3845 1305 3910 sit.
1350 3844 1424 3908 Non

300 3954 406 4030 potest
428 3947 581 4028 dubitari,
610 3948 685 4030 quin
709 3965 856 4028 asperam
878 3946 963 4011 hanc
984 3942 1241 4009 terminationem
1264 3959 1304 4004 ex
1326 3941 1425 4004 Laco·

300 4044 373 4111 nica
412 4043 550 4110 dialecto
587 4051 683 4128 poeta
720 4044 871 4109 hauserit.
899 4079 956 4122 ,-
995 4041 1170 4123 Antiquom
1204 4062 1221 4114 ς
1257 4044 1426 4102 servarunt
