3208 4928
250 436 312 497 260
492 461 493 464 ¹
745 387 879 490 Sbhrader

250 613 285 684 in
306 630 340 676 re
362 607 585 692 cognoscenda
607 627 677 672 cum
701 615 844 673 veterum
861 608 902 672 de
923 607 1030 690 graeci
1046 607 1202 671 sermonis
1219 604 1378 672 divisione

250 708 476 775 traditionibus
491 704 568 788 quid
589 705 623 770 in
645 706 725 789 ipsis
748 705 894 771 dialectis
917 711 972 769 aut
987 704 1135 769 concinat
1151 710 1206 768 aut
1221 712 1378 786 repugnet

251 807 423 889 diligenter
445 803 673 887 quaerendum,
697 808 784 868 certe
806 822 939 868 severae
960 801 1009 866 illi
1032 808 1064 866 et
1086 820 1182 866 verae
1198 801 1378 867 disserendi

125 929 130 937 ¹
250 905 384 985 rationi,
415 903 534 985 quippe
563 920 646 983 quae
673 900 707 965 in
736 900 787 965 bis
815 902 954 966 maxime
983 897 1223 982 quaestionibus
1254 899 1378 964 levitati

251 1007 349 1087 saepe
372 1005 404 1066 et
426 998 552 1064 libidini
574 999 679 1078 cessit,
701 997 818 1079 ubique
841 999 901 1062 erit
922 996 1168 1064 oboediendum.

336 1097 549 1177 Quaestiones
577 1097 674 1179 igitur
697 1095 963 1179 dialectologicae
990 1101 1023 1161 et
1050 1095 1171 1161 multae
1200 1101 1233 1158 et
1261 1114 1378 1176 graves

251 1202 335 1262 sunt.
373 1195 544 1277 Postquam
561 1193 859 1259 autem'Ahrensius
875 1194 1045 1276 praeclaro¹
1056 1193 1098 1258 de
1115 1193 1261 1258 dialectis
1281 1212 1378 1276 opere

251 1293 369 1376 scripto
391 1293 488 1358 totius
515 1292 582 1357 fere
604 1291 711 1374 graeci
734 1292 890 1356 sermonis
912 1292 1086 1357 varietates
1108 1289 1294 1374 complecti,
1325 1289 1379 1356 de

251 1392 405 1471 seribere,
429 1390 600 1473 disponere
622 1395 755 1479 conatus
778 1396 838 1471 est,
862 1389 1073 1455 recentiorum
1096 1387 1202 1454 studia
1223 1407 1378 1452 novorum

250 1489 415 1554 titulorum
444 1487 537 1571 eopia
559 1486 671 1553 adiuta
692 1487 795 1570 magis
817 1488 851 1552 in
874 1487 1008 1568 singulis
1031 1485 1379 1551 dialectisaccuratius

251 1586 466 1671 depingendis
496 1605 591 1668 quam
626 1585 660 1648 in
693 1585 934 1668 quaestionibus
970 1604 1011 1650 ex
1043 1583 1201 1649 universis
1233 1583 1379 1666 repetitis

253 1690 408 1768 occupata
440 1682 576 1748 fuerunt.
621 1682 695 1746 Tali
728 1681 823 1746 modo
856 1683 947 1747 brevi
979 1689 1123 1765 ternpore
1155 1686 1247 1746 tanta
1280 1679 1379 1747 series

250 1782 433 1848 libellorum
457 1780 498 1846 de
521 1778 666 1845 dialectis
688 1779 876 1863 scriptorum
896 1787 975 1844 orta
998 1785 1060 1862 est,
1091 1779 1212 1843 utiam
1235 1779 1290 1842 vix
1312 1779 1380 1844 ulla

251 1879 386 1944 alieuius
417 1877 570 1942 momenti
600 1876 757 1942 dialectus
792 1878 923 1959 propria
955 1883 1052 1959 atque
1083 1875 1237 1961 peculiari
1271 1882 1380 1942 careat

253 1975 478 2057 descriptione.
528 1974 596 2038 Hoc
627 1974 723 2055 igitur
755 1974 851 2038 modo
884 1973 1100 2039 fundamentis
1132 1974 1224 2039 iactis
1257 1973 1379 2056 sperari

252 2072 328 2137 licet
350 2079 382 2136 et
405 2071 446 2137 de
467 2071 602 2136 historia
623 2090 759 2153 graecae
781 2071 911 2153 linguae
933 2077 965 2136 et
988 2071 1029 2136 de
1051 2071 1261 2136 dialectorum
1283 2078 1380 2153 atque

253 2169 397 2252 gentium
419 2168 503 2234 inter
525 2186 559 2232 se
582 2166 769 2233 condicione
791 2188 866 2232 mox
889 2167 1004 2234 certius
1026 2188 1121 2253 posse
1143 2167 1288 2233 iudicari.

339 2265 389 2331 Ad
417 2266 484 2331 tale
513 2285 594 2348 opus
622 2285 726 2349 pauca
755 2265 986 2349 compositurus
1006 2257 1074 2331 xbas
1098 2265 1139 2330 de
1168 2266 1290 2348 graecis
1314 2266 1380 2331 dia-

252 2364 344 2430 lectis
367 2363 571 2446 quaestiones
593 2364 725 2445 iustitui,
748 2384 911 2447 quarum
933 2364 974 2428 in
997 2369 1112 2446 parte
1133 2364 1149 2427 Ι
1173 2363 1220 2439 de
1241 2365 1378 2429 vocali
1429 2405 1432 2408 -

252 2462 570 2550 qdialeetorum
598 2462 976 2527 aeolo-doricarum
1006 2479 1054 2525 ex
1076 2467 1215 2528 vetere
1237 2465 1260 2525 ἃ
1282 2468 1381 2528 nata

252 2581 377 2644 agere
399 2559 495 2625 mihi
518 2565 579 2626 est
600 2560 865 2643 propositum.

217 2683 223 2696 ·
338 2661 404 2728 Sed
426 2667 600 2742 antequam
621 2660 664 2726 ad
686 2660 720 2725 id
741 2663 856 2745 ipsum,
881 2660 921 2726 de
943 2681 1005 2742 quo
1029 2659 1143 2725 dicturi
1166 2681 1283 2742 sumus,
1308 2681 1380 2744 per-

254 2760 417 2840 venimus,
433 2764 482 2823 ·ut
510 2759 607 2824 totius
637 2757 863 2841 disputationis
891 2759 946 2823 via
973 2759 1230 2841 praemuniatur,
1260 2778 1380 2842 paucas

253 2856 457 2938 quaestiones
480 2863 617 2922 tractare
638 2855 763 2936 licebit3
781 2875 850 2938 qua
871 2855 903 2918 in
927 2874 970 2936 re,
994 2855 1020 2920 si
1036 2855 1196 2920 interdum
1211 2855 1253 2920 ad
1269 2856 1380 2939 paullo

254 2951 427 3022 remotiora
454 2952 622 3017 aberrasse
646 2950 774 3032 videar,
805 2951 865 3016 hoe
893 2949 1032 3017 libenter
1058 2953 1137 3017 mihi
1166 2952 1381 3018 condonatum

253 3070 292 3113 1r1
314 3067 418 3130 spero.

781 3185 801 3263 ἓ
827 3188 853 3248 1.

341 3319 447 3398 Atque
469 3317 529 3382 hoc
550 3317 689 3401 primum
710 3324 834 3384 constat
862 3319 978 3384 nulla
1001 3339 1042 3386 re
1066 3320 1221 3386 dialectos
1243 3319 1381 3386 ionicam

254 3420 287 3480 et
309 3412 441 3480 atticam
463 3414 605 3497 apertius
627 3415 669 3480 ab
691 3415 915 3482 aeolo-doricis
939 3417 1093 3501 distingui
1116 3438 1212 3501 quam
1236 3417 1383 3500 frequen·

229 3513 334 3581 ,tiore
356 3536 376 3598 q
400 3512 522 3578 vocalis
544 3533 602 3595 pro
626 3517 647 3576 ᾶ
670 3533 746 3596 usu3
776 3533 881 3595 neque
903 3522 1010 3580 tamen
1032 3535 1083 3581 res
1105 3517 1152 3580 ita
1174 3535 1245 3582 sese
1273 3515 1381 3595 habet,

254 3615 290 3674 ut
311 3609 422 3676 Aeolis
445 3615 477 3674 et
499 3609 594 3675 Doris
622 3611 753 3676 omnino
780 3610 839 3675 illa
867 3613 1042 3678 mutatione
1071 3611 1272 3696 abstineant3
1301 3612 1383 3678 haec

255 3705 357 3787 enim,
386 3726 429 3772 ne
456 3706 583 3788 longior
604 3707 681 3788 sim,
713 3706 922 3773 dialectorum
945 3709 1006 3774 hac
1028 3709 1061 3774 in
1084 3728 1118 3774 re
1142 3709 1286 3775 condicio
1309 3729 1386 3784 con·⁸

127 3813 131 3828 '
255 3803 404 3884 spicitur:
445 3868 453 3874 .

375 3911 402 3976 Ι.
433 3901 761 3979 Aeolo-'doricae
794 3915 924 3981 dialecti
951 3917 1095 4007 vocalem
1125 3920 1147 3978 ᾶ
1177 3921 1382 3997 conservant,

430 4028 504 4073 raro
519 4034 539 4096 η
557 4010 726 4095 exhibent3
750 4031 777 4078 c.
793 4033 839 4096 gr.
855 4011 977 4099 πατήρ,
1001 4014 1146 4099 λέγηται,
1167 4011 1230 4099 εἴη,
1246 4018 1379 4100 τίθημι.
1403 4029 1406 4032 “
