3208 4928
287 474 349 536 324
572 527 576 534 .
783 473 919 531 Schrader

285 649 382 734 igitur
402 654 511 716 monet
524 648 555 716 J.
572 645 769 715 Schmidtius
791 652 872 724 (voc.
894 647 928 712 II
948 647 1040 724 irtel:
1068 663 1125 723 ,es
1147 645 1252 729 ergibt
1266 643 1337 710 sich
1359 643 1419 711 die

286 746 441 828 tatsaclre,
465 745 542 813 dasu
564 745 622 813 der
639 745 673 811 in
688 745 753 812 den
768 743 1015 834 wnrnclauslaut
1035 748 1201 826 getrctene
1221 740 1290 808 und
1312 741 1418 810 durch

285 845 498 912 svarabhalrti
519 843 724 927 verldngerte
745 841 838 908 vocal
860 840 1077 924 dorsarcnng
1098 840 1213 924 langor
1226 839 1419 908 widerstoht

284 944 336 1010 als
356 942 416 1010 der
436 961 497 1008 vor
517 939 576 1008 der
595 939 721 1024 liquida
742 939 821 1006 oder
841 937 915 1005 dem
939 938 1032 1004 nasal
1053 938 1134 1004 kurn
1154 937 1359 1021 geblibenc“

370 1041 440 1106 Iam
462 1043 539 1105 v'ero
554 1037 616 1103 hac
629 1036 665 1102 in
680 1055 715 1104 re
730 1035 817 1102 idem
839 1035 921 1102 illud
942 1055 1080 1120 graecae
1100 1034 1232 1118 linguas
1253 1036 1416 1101 vocalium

286 1134 511 1203 concinnitatis
531 1133 673 1201 studium
694 1133 898 1218 conspicitur,
921 1133 1007 1217 qnod
1024 1132 1248 1220 saepissimep
1268 1133 1416 1200 effecisse

286 1253 384 1317 supra
406 1232 582 1300 docuimus.
627 1231 822 1316 Comparare
843 1231 940 1316 igitur
962 1231 1053 1298 licet:

439 1329 566 1398 ἔθανον
630 1366 674 1377 -
695 1317 841 1395 dorium
865 1325 1023 1395 εἱστάναι
1051 1363 1094 1375 -
1114 1326 1232 1410 ἵστᾱμι

437 1433 609 1508 τέθναμεν
631 1461 673 1472 -
694 1428 847 1492 ceccano
862 1449 872 1492 z
886 1425 1028 1508 ἵσταμες
1050 1461 1092 1472 -
1114 1423 1239 1491 &audac

377 1554 421 1578 =
442 1522 606 1610 ἐγενόμην
630 1558 674 1569 -
695 1544 833 1609 -γνητος
861 1527 1024 1589 :roccone
1050 1559 1094 1570 -
1113 1527 1240 1609 τίθημι

439 1628 537 1707 γένος
634 1617 820 1707 -γνήσια
863 1625 1030 1702 :recepte
1051 1656 1094 1668 -
1115 1617 1228 1705 θήσω.

371 1719 498 1803 Nempe
519 1716 676 1802 vocalisp
693 1717 727 1782 in
750 1740 887 1804 -yvncog
910 1721 955 1794 (4)
978 1718 1060 1785 adeo
1082 1717 1276 1802 explicanda
1297 1724 1355 1798 est,
1377 1723 1415 1783 ut

287 1815 477 1883 sumendum
500 1815 542 1883 sit
563 1813 709 1900 *γνόπος
729 1813 835 1898 ipsum
858 1815 910 1894 (ci.
932 1816 988 1882 lat.
1012 1825 1185 1900 coquatur,
1208 1825 1308 1886 nona.
1338 1821 1413 1881 scrt.

285 1912 385 1998 pridie)
412 1912 576 1998 quondam
604 1911 639 1976 in
666 1931 784 1996 graeca
812 1913 923 1997 lingua
950 1913 1108 1997 valuisse,
1138 1913 1309 1997 paullatim
1336 1932 1414 1978 vero

206 2041 209 2046 ¹
287 2010 433 2078 vocalem
455 2023 478 2074 ᾱ
501 2014 632 2094 propter
654 2033 670 2074 e
693 2009 727 2074 iu
748 2013 856 2093 γένος,
879 2007 1052 2098 ἐγενόμην,
1073 2014 1274 2094 γίγ(ε)νομαι
1288 2016 1348 2076 etc.
1369 2009 1414 2075 ad

287 2131 308 2193 η
331 2107 452 2172 vocalis
473 2104 768 2191 pronuntiationem
790 2106 976 2174 accessisse.

374 2203 552 2269 Ahrensius
573 2201 702 2286 quidem
725 2201 772 2280 (II
796 2206 869 2279 146)
894 2227 1052 2292 ,procos
1072 2204 1245 2271 metathesi
1265 2204 1351 2270 iacta
1371 2222 1413 2270 ex

287 2321 371 2384 μεν,
395 2303 493 2384 -γνε“
514 2307 619 2366 ortum
642 2317 712 2366 esse
735 2300 821 2382 vult;
843 2299 906 2367 hac
925 2308 1035 2369 tamen
1049 2301 1083 2367 in
1097 2322 1132 2368 re
1153 2308 1307 2386 quantum
1330 2322 1413 2368 erra-

287 2395 380 2480 verit,
403 2415 444 2463 ex
462 2397 608 2482 cognatis
622 2396 742 2481 linguis
758 2403 791 2464 et
802 2397 882 2480 ipsis
897 2400 1021 2482 graecis
1039 2399 1188 2466 dialectis
1202 2400 1411 2483 cognoscitur.

286 2493 409 2578 Aperte
430 2495 516 2561 enim
537 2496 572 2561 in
594 2495 668 2562 aliis
690 2493 834 2562 eiusdem
855 2498 985 2579 generis
1006 2498 1172 2564 vocabulis
1193 2498 1312 2564 veteris
1326 2501 1348 2562 ᾶ
1360 2516 1413 2564 ve-

287 2591 384 2674 stigia
405 2591 439 2657 in
462 2590 609 2659 dialectis
631 2600 768 2659 exstant
808 2592 931 2659 Summi
952 2593 1014 2659 hac
1034 2593 1068 2658 in
1090 2615 1126 2661 re
1148 2594 1300 2661 momenti
1321 2595 1413 2662 Eleo·

287 2710 358 2755 rum
380 2686 510 2774 νράτρα
524 2692 569 2769 (6)
590 2710 650 2775 pro
664 2689 794 2777 νρήτρα
809 2697 868 2757 est.
896 2689 988 2782 Idem
1003 2691 1089 2757 enim
1103 2693 1193 2759 valet
1206 2691 1248 2759 de
1261 2680 1412 2778 νρᾶτραε

286 2783 397 2868 ruer,
423 2811 493 2872 seo,
524 2787 610 2871 quod
632 2786 675 2854 de
697 2791 860 2875 φαίνᾰται
875 2811 884 2854 :
898 2785 1103 2869 ὑποδέχεται
1124 2796 1201 2874 otc.;
1231 2810 1307 2856 nam
1328 2789 1413 2873 quod

287 2883 426 2950 Alienus
441 2884 517 2950 huic
531 2884 602 2950 voci
616 2884 759 2952 radicem
779 2884 870 2970 *sco
886 2905 944 2969 pro
965 2881 1050 2970 *seo
1072 2889 1202 2972 (νερέω,
1226 2885 1320 2973 adpo)
1341 2887 1414 2954 sub·

288 2980 407 3061 stituit,
435 2980 497 3046 hoc
524 3000 655 3062 prorsus
681 3001 741 3065 pro
770 2981 905 3065 imperio
933 2982 1052 3049 iactum
1080 3004 1152 3052 esse
1173 2985 1229 3051 vix
1252 2983 1412 3069 estquod

287 3094 448 3142 moneam.

373 3171 448 3238 Pari
470 3170 610 3255 denique
628 3171 724 3240 modo
746 3173 788 3242 de
809 3181 872 3260 κρᾰ
886 3201 894 3243 :
910 3201 980 3262 κερ,
1003 3177 1140 3264 κρατήρ,
1163 3175 1318 3264 ἄκρῖπος,
1341 3181 1413 3262 κίγ-

289 3271 393 3354 κρᾶμι
408 3291 416 3333 :
431 3267 623 3354 κεράννυμι,
646 3270 811 3358 κεραμεύς
826 3281 886 3340 ete.
901 3273 1110 3341 iudicandum
1125 3282 1185 3344 est.
1215 3277 1337 3344 Eodem
1352 3277 1414 3343 for·

287 3372 376 3435 tasse
392 3365 525 3432 Pindari
542 3367 624 3433 illud
640 3365 885 3453 (dedi-duduc&
903 3367 1133 3453 (cdl-ductos:
1150 3371 1243 3455 δέμω
1263 3373 1413 3458 pertinet.

372 3463 539 3532 Accedunt
560 3484 620 3532 eae
640 3465 782 3547 radices,
811 3487 895 3551 quae
914 3468 948 3534 in
973 3469 1055 3552 ipsis
1083 3469 1229 3538 dialectis
1250 3470 1412 3554 duplicem

287 3561 410 3627 vocalis
421 3560 611 3645 qualitatem
626 3568 672 3642 (et
686 3588 702 3629 c
717 3570 750 3630 et
761 3566 796 3640 c)
810 3564 976 3631 exhibent.
1009 3566 1060 3631 Ab
1079 3567 1130 3633 his
1144 3554 1241 3652 igitur
1254 3569 1282 3634 si
1291 3568 1413 3634 tonnae

287 3657 419 3742 longam
446 3658 592 3725 vocalem
620 3660 810 3728 exhibentes
837 3660 1055 3744 descendant,
1083 3664 1205 3731 formae
1231 3684 1303 3731 cnm
1326 3688 1346 3751 η
1368 3663 1414 3730 ad

286 3753 433 3820 vocalem
449 3779 466 3822 e
481 3755 609 3840 radicis,
631 3756 752 3824 formae
772 3778 844 3824 cum
859 3781 882 3823 α
896 3759 940 3826 ad
958 3760 1104 3826 vocalem
1126 3783 1149 3825 α
1170 3761 1288 3830 radicis
1308 3762 1414 3845 appli-

288 3849 414 3916 candae
435 3859 520 3918 sunt.
562 3852 634 3920 Huc
654 3853 773 3920 refero:

377 3951 407 4024 1)
434 3948 522 4012 πλα-
542 3983 585 3996 -
605 3950 745 4028 πλᾶθος
765 3955 841 4034 (ll),
863 3951 1057 4035 πιμπλάναι

434 4043 519 4111 πλι-
542 4077 587 4093 -
605 4046 745 4135 πλῆθος
765 4051 843 4132 (41),
865 4048 970 4131 πλέω,
991 4050 1154 4128 πλεῖστος
1183 4141 1186 4148 Ι
