3208 4928
270 462 334 523 266
491 461 494 468 ‘
764 465 897 521 Schrader

298 637 354 704 1v.
392 639 554 705 Interdum
585 640 690 724 prima
718 641 775 705 illa
803 640 920 720 torma,
949 657 1055 720 aqna
1081 644 1215 720 utraque
1239 637 1397 704 dialectos

388 737 531 834 prolecta
554 740 604 818 sit,
628 758 685 822 per
707 739 943 804 conclusionem
967 737 1045 819 fingi
1069 736 1173 818 debet,
1197 743 1231 801 ut

1028 857 1113 922 cypr.
1131 831 1225 914 αἶλος
1248 838 1297 903 Id.
1318 844 1366 903 14.

353 879 743 966 a1·oad0·eypr.*dt-jo-c
758 912 801 933 ·-“-
815 882 871 947 iai·
886 882 1000 944 “lim
1027 937 1133 1002 amad,
1146 933 1246 1013 ἄλλος
1262 945 1325 1020 teg,
1342 943 1395 1002 40.

796 1179 867 1257 §3-

353 1312 422 1379 Hoc
436 1314 532 1395 igitur
546 1320 674 1397 praeter
687 1318 815 1382 caetera
834 1315 926 1380 nobis
949 1318 1082 1393 constat,
1105 1332 1212 1381 errare
1233 1332 1316 1392 enm,
1340 1313 1395 1394 qui

268 1413 300 1477 iu
322 1411 537 1494 explanandis
559 1412 671 1497 priscis
691 1411 898 1478 dialectornm
915 1412 1104 1478 differentiis
1120 1412 1263 1494 gentium
1278 1412 1394 1494 migra·

267 1509 371 1575 tiones
394 1516 490 1592 atque
511 1509 673 1592 digressus
695 1516 750 1576 aut
771 1510 864 1576 nihili
887 1519 942 1577 aut
963 1511 1057 1594 parvi
1078 1510 1196 1578 iecerit.
1234 1510 1336 1575 Aliter
1351 1508 1394 1575 de

268 1627 307 1672 ea
334 1613 441 1673 aetate
469 1607 662 1675 indicaveris
689 1608 803 1690 velim,
838 1628 901 1691 qua
928 1616 1042 1692 gentes
1070 1607 1168 1672 -id
1194 1606 1279 1691 quod
1307 1608 1394 1675 circa

267 1703 495 1790 Olympiadum
523 1706 648 1772 initium
674 1706 791 1772 iactum
815 1715 863 1772 est
885 1742 926 1752 —
948 1706 982 1771 in
1012 1706 1142 1773 sedibus
1173 1705 1393 1786 constiterunt,

266 1802 349 1869 inter
370 1823 406 1870 se
428 1804 630 1884 coaluerunt,
660 1805 849 1869 commercio
871 1824 1013 1872 conexae
1034 1805 1171 1871 fuerunt.
1215 1803 1285 1868 Hoc
1306 1803 1392 1869 enim

266 1906 411 1984 tempore
432 1902 516 1967 inter
536 1901 691 1976 dialectos
713 1901 911 1970 differentias
933 1901 1089 1986 quasdam
1112 1920 1183 1968 esse
1203 1906 1298 1967 natas
1320 1920 1395 1966 con·

266 1999 363 2065 tinuis
383 1999 449 2064 illis
472 1999 700 2066 mutationibus
723 1999 774 2065 hic
795 2001 860 2066 illio
883 2000 967 2083 ortis,
991 1999 1130 2082 denique
1152 1999 1264 2064 eodem
1286 1997 1392 2079 modo,

268 2115 361 2178 quem
394 2096 427 2162 J.
464 2096 659 2162 Schmidtius
694 2097 751 2162 ille
787 2095 1027 2163 similitudinem
1065 2097 1107 2162 ab
1143 2095 1238 2162 undis
1278 2101 1393 2179 petens

267 2193 561 2272 ,WeHentheor'ie“
585 2193 675 2276 dixit,
703 2215 743 2260 ex
764 2195 844 2278 ipsis
864 2195 988 2278 graecis
1011 2195 1158 2261 dialectis
1180 2193 1394 2260 demonstrari

266 2297 382 2375 potest.
426 2291 491 2357 Sed
525 2291 566 2359 de
598 2292 658 2358 hoc
690 2293 757 2359 alia
790 2294 958 2360 occasione
990 2293 1065 2359 data
1098 2292 1197 2359 verba
1229 2291 1392 2357 iaciemus.

266 2390 360 2455 Nunc
382 2390 425 2456 ad
453 2391 556 2475 ipsam
580 2391 756 2457 Atticorum
778 2412 849 2457 cum
872 2390 1187 2458 Aeolo-doriensibus
1214 2389 1248 2454 in
1272 2391 1292 2454 ἇ
1316 2394 1391 2476 etp

266 2510 325 2555 usu
348 2490 617 2573 comparationem
640 2489 790 2556 redimus.

352 2589 597 2655 Demonstrasse
614 2588 698 2654 enim
714 2587 792 2654 mihi
807 2588 920 2655 videor
937 2589 970 2654 in
987 2607 1026 2655 ea
1041 2587 1274 2665 dissertationis
1289 2593 1392 2671 parte,

266 2685 393 2768 quade
420 2686 639 2752 aeolo-dorica
666 2686 772 2754 vocali
795 2711 814 2772 η
845 2686 965 2769 agitur,
995 2685 1061 2752 illis
1082 2684 1286 2751 indialectis
1308 2682 1391 2750 adeo

265 2802 330 2848 non
360 2783 494 2849 libidine
516 2784 654 2866 quadam
678 2809 696 2870 η
727 2787 829 2867 prod
858 2783 1073 2868 pronuntiari,
1102 2789 1137 2848 ut
1163 2783 1198 2847 in
1220 2781 1300 2848 miro
1324 2780 1391 2850 dia·

264 2880 417 2948 lectorum
450 2900 608 2947 consensu
637 2882 727 2965 quasi
761 2881 842 2947 ratio
872 2880 1030 2964 quaedam
1061 2888 1093 2947 et
1120 2880 1288 2946 consilium
1318 2901 1391 2963 pro·

265 2978 427 3060 spiciatur.

350 3075 460 3156 Longe
489 3075 555 3140 alia
583 3095 634 3141 res
661 3076 695 3140 in
717 3076 823 3142 Attica
851 3084 900 3144 est
921 3075 1070 3143 dialecto.
1115 3078 1165 3143 Ibi
1194 3077 1279 3143 enim
1306 3077 1391 3143 notis

265 3173 384 3256 regulis
413 3171 556 3255 exceptis
584 3173 833 3256 unumquodque
859 3175 925 3241 iere
955 3177 976 3237 ἇ
1005 3175 1039 3239 in
1063 3200 1082 3260 η
1113 3181 1260 3240 mutatur.
1304 3173 1389 3254 Quid

266 3271 361 3353 igitur
382 3268 459 3336 inde
481 3270 639 3353 apparet?

350 3369 496 3454 Suspicio
525 3369 623 3436 oritur
650 3390 705 3437 eas
733 3372 863 3437 vocales
890 3394 927 3456 η,
962 3390 1041 3453 quas
1070 3369 1177 3435 Atthis
1204 3387 1389 3436 communes

263 3468 382 3536 habeat
409 3487 480 3533 cum
504 3467 639 3535 Aeolide
668 3475 700 3534 et
721 3468 858 3550 Doride,
889 3473 921 3534 et
951 3468 1035 3551 quod
1065 3474 1213 3533 naturam
1243 3474 1274 3532 et
1303 3465 1388 3549 quod

265 3573 403 3632 aetatem
436 3565 621 3632 mutationis
653 3566 782 3648 attinet,
819 3566 860 3632 ab
894 3566 1025 3648 reliquis
1058 3585 1129 3632 esse
1162 3563 1387 3647 seiungendas.

265 3663 337 3728 Alio
358 3663 463 3745 igitur,
487 3662 520 3727 ni
542 3663 646 3745 lallor,
669 3668 701 3730 et
722 3663 817 3729 modo
841 3669 873 3729 et
895 3669 1038 3747 tempore
1060 3687 1079 3749 η
1103 3663 1137 3728 in
1159 3660 1297 3748 λέγηται
1320 3659 1385 3725 dor.

264 3758 415 3846 λέγηται,
438 3761 503 3826 alio
525 3761 559 3826 in
583 3759 687 3845 δῆμος
711 3759 776 3826 dor.
795 3759 901 3842 δᾶμος
924 3767 1027 3825 ortum
1050 3767 1099 3827 est
1120 3779 1224 3842 neque
1246 3758 1389 3842 suspicor

265 3874 455 3938 quemquam
478 3857 511 3921 in
527 3857 727 3925 dubitatione
741 3860 875 3938 versari,
897 3865 1001 3924 utrnm
1017 3859 1078 3924 hoc
1093 3883 1112 3944 η
1129 3877 1172 3922 an
1187 3855 1268 3921 illud
1283 3856 1388 3940 priore
1471 3871 1478 3876 ·

265 3958 408 4035 tempore
430 3961 540 4020 natum
562 3975 634 4022 esse
655 3956 845 4022 sumendum
868 3958 918 4022 sit.

349 4049 456 4128 Quare
483 4071 527 4143 ne
552 4074 611 4120 nos
640 4055 768 4136 quidem
801 4074 957 4138 negamus
985 4054 1115 4121 atticam
1145 4052 1316 4118 dialectum
1345 4049 1389 4116 ad
