3226 4948
552 467 595 520 De
612 467 752 523 Momanis
769 472 867 538 poetae
885 472 1010 528 dialecto.
1283 475 1345 538 375

188 718 195 726 .
216 644 403 729 constanter
417 637 565 718 cernitur,
588 639 634 705 ita
649 645 683 705 ut
699 641 829 708 dubium
845 643 1001 730 videatur,
1025 667 1101 712 uum
1124 643 1243 732 ubique
1265 651 1345 718 baec

218 739 352 804 mutatio
369 740 452 804 lacta
467 739 524 820 slt;
546 737 605 803 scd
620 745 740 806 certam
762 741 867 823 legem
883 762 947 806 non
962 743 1156 810 invenerunt
1171 746 1232 812 viri
1248 746 1343 815 docti.

218 837 315 920 Apud
331 838 519 902 Alcmancm
536 833 625 902 odiu
649 837 764 904 mediis
786 838 918 904 vocibus
940 840 1128 930 plerumque
1150 863 1207 925 pro
1225 842 1244 923 ζ
1259 847 1344 928 posi·

216 942 284 1003 tum
307 940 357 1000 est
378 935 415 1000 ol.
434 937 453 1017 ᾗ
472 939 519 998 14.
558 933 631 998 Nou
654 933 758 1001 minus
779 934 916 1018 insignis
938 943 987 1003 est
1009 936 1183 1021 duplicatio
1208 941 1343 1024 liquida-

217 1053 286 1097 rum
310 1053 350 1097 ex
373 1032 531 1098 nasalium
554 1031 788 1099 assimilatione
805 1039 884 1114 orta,
908 1034 962 1099 ubi
984 1034 1018 1100 in
1040 1036 1173 1119 reliquis
1195 1039 1342 1108 dialectis

214 1130 531 1212 aliqua‘consonans,
555 1135 724 1211 postquam
747 1130 898 1214 produxit
915 1134 1060 1198 vocalem
1083 1135 1341 1221 praecedentem,

215 1227 320 1311 ejecta
336 1234 393 1293 est.
423 1229 558 1292 Alcman
573 1245 650 1290 vero
665 1247 729 1291 non
745 1227 928 1310 repudiavit
945 1227 1063 1296 formas
1079 1233 1212 1300 Dorioas
1225 1232 1338 1320 χηρός,

213 1321 311 1407 ἁμές,
328 1321 422 1412 liuor,
440 1322 563 1388 iactor
576 1323 669 1388 alias.
701 1323 806 1390 Unum
823 1326 1006 1410 exemplum
1021 1327 1204 1408 geminatae
1219 1333 1340 1400 naualis

216 1423 314 1488 babet
341 1442 498 1506 papyrus:
538 1420 685 1486 all-cord
708 1425 737 1486 2.
764 1427 816 1504 10,
848 1422 906 1488 sed
930 1422 1001 1506 jam
1030 1445 1128 1507 supra
1150 1429 1338 1512 monuimus,

214 1520 364 1585 Doricam
380 1520 494 1584 horum
510 1518 742 1601 adjectivorum
758 1520 892 1584 formam
908 1539 948 1586 ex
964 1521 1053 1604 puris
1068 1522 1208 1601 lontibus
1223 1545 1340 1609 cogno·

212 1618 259 1684 soi
292 1638 357 1684 non
392 1636 487 1701 posse
514 1623 610 1698 atque
640 1616 722 1682 adeo
755 1618 939 1683 testimonia
972 1618 1131 1700 quaedam
1160 1641 1337 1706 superesse,

213 1735 278 1781 non
294 1714 423 1797 quidem
443 1713 616 1778 admodum
638 1715 759 1798 gravia,
782 1715 839 1780 scd
859 1735 923 1779 non
945 1735 1076 1799 prorsus
1091 1720 1337 1801 contemnenda,

210 1833 295 1895 quae
317 1812 468 1894 analogia
483 1812 675 1894 obloquente
698 1813 955 1878 terminationem
970 1837 1082 1890 -εννος
1104 1814 1154 1882 bis
1168 1815 1338 1899 adjectivis

212 1909 387 1976 vindicent.
427 1909 574 1975 Ceterum
597 1910 677 1975 haec
699 1911 849 1994 exempla
871 1911 1001 1978 minoris
1024 1913 1176 1978 momenti
1199 1933 1270 1982 csse
1293 1915 1338 1980 vi·

211 2007 337 2091 dentur,
360 2008 396 2094 si
421 2013 615 2089 reputamus,
641 2008 820 2091 antiquiore
842 2013 987 2091 tempore
1007 2007 1173 2076 literamm
1196 2009 1338 2093 duplica·

209 2107 331 2172 tionem
354 2104 524 2172 scribendo
546 2125 645 2188 saepe
667 2127 732 2171 non
756 2124 940 2189 expressam
956 2125 1037 2187 csse,
1060 2107 1169 2189 itaque
1183 2112 1216 2171 et
1232 2105 1338 2197 χηρός·

209 2209 244 2268 et
267 2201 385 2267 κλεννά
413 2203 549 2268 fortasse
577 2203 716 2268 librariis
738 2200 859 2269 deberi.
904 2203 1075 2286 Digamma
1100 2205 1184 2270 inter
1206 2205 1336 2274 vocales

209 2298 278 2362 inv
299 2307 423 2364 mutare
445 2300 552 2364 Lesbii
575 2300 724 2364 solebant
746 2296 859 2382 (αὕως,
883 2297 1029 2382 adello),
1053 2301 1137 2367 idem
1161 2302 1248 2384 apud
1263 2303 1335 2368 Alc·

209 2415 338 2461 manem
354 2396 471 2460 lactum
488 2416 558 2462 csse
573 2395 698 2460 videtur
713 2396 746 2458 iu
761 2416 840 2462 voce
852 2393 898 2460 od
908 2420 923 2460 c
933 2421 972 2479 ιρ
982 2421 1030 2477 ομ
1040 2397 1055 2462 ἑ
1065 2421 1133 2462 ναι
1148 2419 1222 2481 pap.
1236 2403 1265 2462 2.
1279 2403 1335 2482 293

208 2493 267 2558 sed
291 2512 362 2557 cum
384 2493 488 2576 prima
510 2492 640 2577 syllaba
660 2491 756 2575 hujus
778 2493 866 2558 vocis
888 2492 1038 2558 inversu
1060 2493 1167 2558 brevis
1189 2495 1239 2574 sit,
1262 2514 1335 2564 cou-

159 2584 162 2590 ’
208 2590 352 2672 sequitur
375 2614 418 2654 cr
441 2610 504 2655 non
532 2615 573 2654 av
599 2591 837 2674 pronuntiatum
860 2609 947 2671 esse,
975 2609 1080 2672 neque
1108 2591 1202 2657 aliter
1232 2591 1273 2657 de
1294 2611 1334 2660 ea

202 2685 417 2771 judicandum
441 2695 489 2755 est
511 2709 548 2754 ao
574 2686 615 2752 de
638 2686 806 2753 Pindarico
829 2683 936 2752 αὕάτα
965 2689 1070 2772 (Pytb.
1095 2692 1125 2770 2,
1148 2691 1217 2768 28),
1248 2690 1334 2770 quod

209 2785 286 2850 mihi
309 2785 438 2867 quidem
462 2787 573 2851 merito
596 2786 773 2850 Mommsen
799 2786 832 2849 in
861 2781 970 2848 darino
998 2791 1139 2850 mutasse
1166 2785 1293 2853 videtur
1314 2813 1332 2852 v

207 2904 266 2968 pro
288 2907 310 2948 r
330 2883 545 2958 librariis-vel
567 2882 784 2966 grammaticis
807 2882 917 2947 deberi
938 2887 1035 2947 ratus.
1068 2880 1249 2951 Infinitivus
1264 2904 1333 2950 var·

207 2980 319 3046 borum
342 2983 374 3046 in
392 3005 418 3044 ω
435 2980 618 3046 exeuntium
633 2979 891 3046 terminationem
906 3002 964 3064 -ην
974 2977 1066 3063 ..apud
1083 2981 1200 3056 Aeoles
1223 2981 1331 3064 babet,
1421 3023 1422 3026 =

204 3097 277 3143 cum
308 3079 342 3144 in
364 3079 486 3143 Dorica
511 3078 649 3144 dialecto.
675 3079 774 3160 longa
796 3077 916 3142 vocalis
938 3075 1055 3161 corripi
1077 3077 1197 3161 soleat3
1229 3099 1332 3162 pauca

207 3177 358 3258 exempla
388 3175 482 3259 hujus
512 3177 644 3242 rationis
672 3176 707 3240 in
729 3173 921 3240 Alcmanicis
943 3174 1132 3256 fragmentis
1154 3177 1331 3260 reperimus

204 3273 227 3352 ξ
251 3277 279 3352 7,
309 3271 366 3337 sed
395 3292 468 3337 eam
490 3293 509 3336 a
535 3274 695 3338 Laconica
724 3271 861 3338 dialecto
890 3291 1018 3355 prorsus
1047 3271 1233 3354 abjudicare
1265 3297 1330 3341 non

206 3370 318 3434 ausim.
363 3367 543 3436 Infinitivus
566 3371 711 3454 stirpium
740 3370 1035 3454 monosyllabarum
1058 3369 1092 3432 in
1115 3393 1232 3450 -μεναι
1254 3372 1329 3453 exit,

205 3467 313 3548 itaque
328 3466 518 3532 Lesbiaoum
538 3467 639 3534 videri
661 3474 768 3550 potest
790 3465 967 3549 ἔδμεναι
988 3466 1025 3530 ir.
1046 3469 1115 3546 100,
1138 3485 1248 3532 verum
1265 3489 1329 3534 non

204 3564 310 3629 minus
350 3583 390 3630 ex
423 3565 516 3648 opica
549 3563 684 3631 dialecto
724 3572 820 3648 pocta
853 3565 937 3628 banc
969 3562 1105 3628 formam
1140 3562 1339 3652 depromere-

203 3661 317 3746 potuit.
362 3661 537 3728 Notissima
568 3669 619 3727 est
650 3663 826 3728 Lesbiaoae
858 3659 988 3727 dialecti
1007 3659 1199 3744 ‚proprietas
1230 3663 1329 3728 verba

201 3764 367 3825 contracta
385 3757 428 3826 ad
450 3778 594 3824 normam
609 3760 778 3824 verborum
793 3760 825 3824 in
841 3784 879 3841 μι
896 3777 978 3841 quae
993 3763 1148 3822 vocantur
1169 3755 1327 3844 flectendi,

200 3857 294 3941 cujus
316 3855 449 3921 rationis
470 3857 503 3920 in
526 3857 643 3922 nostris
664 3856 850 3938 fragmentis
871 3876 913 3922 ne
933 3853 1103 3937 vestigium
1120 3854 1249 3936 quidem
1271 3879 1329 3942 ap·

203 3961 304 4036 paret.
348 3954 461 4036 Neque
483 3953 570 4036 quod
585 3953 774 4040 Heraclides
795 3953 882 4038 apud
905 3951 1051 4018 Eustatb.
1079 3953 1169 4018 1787.
1192 3959 1232 4018 45
1255 3957 1328 4027 Alc·

202 4051 362 4118 manicam
390 4049 567 4136 παρέντων
590 4051 628 4117 ir.
652 4055 693 4117 64
715 4051 880 4117 Aeolicum
907 4053 1018 4129 vocat,
1048 4047 1328 4123 ulliusmomenti
