3208 4928
455 480 632 548 Quaestiones
650 481 869 550 dialectologicae
886 497 1008 550 graecae.
1234 480 1295 543 287

175 639 305 733 πατοῗρ,
328 637 500 731 *cornuin
522 639 686 734 *εὐγενές
700 652 733 716 in
748 649 876 738 πατήρ,
900 650 1045 738 ποιμήν,
1071 651 1209 740 εὐγενής
1232 676 1298 721 mu·

176 755 243 814 tate
264 747 337 814 sint.
1309 765 1310 768 ’

263 845 367 928 Atque
390 863 449 929 ego
472 867 537 912 non
561 845 688 930 dubito,
718 847 795 928 quin
824 854 987 930 propter
1013 849 1172 917 brevem
1201 850 1298 917 reli·

179 963 343 1028 quorum
373 963 532 1010 casuum
561 944 744 1009 vocalem
773 953 955 1028 atempore
985 946 1178 1029 procedente
1199 948 1299 1013 nomi·

177 1042 279 1108 nativi
302 1060 427 1124 qnoque
449 1039 570 1107 vocalis
597 1041 631 1105 in
655 1065 674 1125 η
704 1047 826 1107 mutata
854 1043 896 1109 sit
923 1044 979 1108 illo
1006 1064 1141 1126 graecae
1169 1046 1299 1128 linguae

177 1137 283 1204 studio
305 1138 553 1204 concinnitatem
576 1137 738 1221 quandam
753 1139 911 1206 vocalium
934 1140 1091 1208 efficiendi
1112 1143 1197 1208 inter
1219 1143 1299 1209 eius·

178 1235 251 1302 dem
273 1235 412 1301 nominis
434 1254 536 1301 casus.
573 1235 613 1300 cl.
635 1235 748 1318 igitur:

380 1330 490 1416 πάτερ
590 1340 754 1415 ποιμένος
841 1331 1041 1418 εὐγοέέ(σ)ος

382 1435 513 1513 πατέρα
589 1437 728 1512 ποιμένι
839 1428 1022 1514 edvardum

278 1565 281 1572 ·
380 1531 526 1610 πατέρες
590 1533 736 1610 ποιμένα
921 1539 980 1597 ete.

381 1629 531 1708 πατέρας
589 1630 751 1706 ποιμένες

423 1730 483 1789 ete.
586 1726 758 1804 ποιμένων
769 1729 828 1788 ete.

382 1822 495 1910 πατήρ
554 1823 718 1911 ,ποιμήν
844 1822 991 1910 εὐγενής.

262 1923 429 1990 Miraberis
450 1929 545 2004 certe,
573 1941 627 1988 our
649 1922 721 1988 Elei
743 1924 833 2004 quasi
855 1924 889 1988 in
912 1924 1019 1990 media
1041 1923 1225 1989 mutationis
1247 1923 1302 1988 via

179 2021 387 2103 constiterint,
411 2027 445 2086 ut
460 2017 600 2106 ποιμήν,
625 2012 761 2106 εὐγενής
775 2009 904 2104 :naaria
928 2021 1079 2088 dicerent.
1118 2021 1191 2086 Non
1214 2021 1299 2087 enirn

176 2120 281 2186 iudico
305 2144 324 2205 ρ
347 2138 537 2201 consonam,
561 2139 754 2201 quamquam
776 2137 846 2184 eam
870 2118 913 2184 ad
935 2120 1033 2186 breve
1055 2143 1076 2184 α
1099 2118 1299 2186 efficiendum

179 2217 303 2300 aliquid
325 2236 420 2300 posse
448 2237 515 2282 non
536 2237 638 2300 nego,
666 2217 705 2283 cl.
729 2215 855 2282 Curtius
878 2217 1036 2300 Spaltung
1067 2217 1124 2284 des
1146 2217 1300 2283 A·Lauts

179 2336 210 2398 p.
229 2319 278 2395 14,
302 2315 363 2378 hae
385 2315 417 2378 in
433 2333 468 2379 re
483 2315 628 2380 vocalem
647 2315 672 2376 ’ῑι
696 2333 920 2394 conservasse3
943 2335 1017 2398 narn
1040 2316 1127 2398 apnd
1150 2317 1246 2381 Eleos
1269 2321 1301 2380 et

180 2419 257 2477 ante
279 2436 297 2493 ρ
322 2417 354 2476 et
375 2419 534 2475 nonanta
556 2435 575 2493 ρ
598 2430 700 2491 aeque
723 2415 743 2472 ἃ
764 2431 821 2492 pro
845 2434 924 2494 ηε
946 2418 1008 2476 vet.
1025 2411 1300 2494 &pronuntiatum

178 2517 236 2575 est.
280 2506 382 2587 Quam
405 2507 446 2571 ob
468 2526 535 2573 rem
557 2527 635 2572 vera
657 2526 755 2572 causa
775 2508 809 2570 in
832 2526 870 2572 eo
893 2507 970 2571 mihi
993 2509 1098 2591 posita
1120 2527 1192 2573 esse
1213 2506 1301 2572 vide·

180 2612 240 2683 tur,
263 2604 347 2686 qnod
362 2605 395 2669 in
411 2605 594 2670 nominibus
608 2604 674 2669 illis
695 2605 770 2668 lam.
786 2592 907 2686 πατέρ,
930 2601 1039 2686 μάτᾶρ
1057 2612 1126 2684 etc,
1150 2625 1219 2670 cum
1235 2625 1300 2668 non

180 2723 237 2787 per
260 2721 371 2768 omnes
393 2721 487 2767 casus
511 2725 526 2766 ε
550 2701 738 2768 exhiberent
764 2702 803 2766 el.
825 2699 972 2783 πατρός,
995 2706 1116 2784 πατρί,
1138 2699 1300 2785 πατράσι,

179 2799 377 2869 concinnitas
398 2800 462 2866 illa
483 2799 641 2865 vocalium
669 2799 775 2864 minus
802 2798 1037 2882 requirebatur,
1068 2819 1163 2882 quam
1192 2800 1226 2864 in
1254 2819 1302 2865 re·

175 2899 281 2982 liquis.
396 2974 400 2982 Ι

262 2996 384 3075 Restat,
407 2999 442 3059 ut
464 3014 568 3078 pauca
590 2995 689 3061 verba
712 2994 753 3060 de
774 3014 860 3059 nom.
882 3015 933 3076 ag.
956 3014 1014 3078 per
1036 3013 1147 3061 omnes
1165 3014 1257 3060 casus
1280 3019 1299 3081 η

177 3092 413 3160 exhibentibus.
426 3091 594 3158 addamus.
632 3091 769 3158 Omnino
787 3093 873 3158 enim
895 3092 956 3158 hac
977 3092 1011 3156 in
1033 3112 1069 3158 re
1090 3092 1187 3158 lando
1203 3093 1301 3175 Brug-

178 3191 273 3268 manl
293 3189 387 3267 (stud.
417 3190 464 3253 IX
485 3193 558 3267 397)
588 3191 795 3266 sententiam,
825 3190 858 3255 in
888 3210 983 3272 quam
1010 3189 1139 3274 egregio
1167 3188 1301 3256 Osthofli

179 3287 263 3351 libro
287 3285 336 3359 (N
341 3286 440 3350 -decl
463 3287 699 3353 Paul-Braune
724 3288 771 3351 Ill
796 3291 825 3364 1)
853 3287 936 3353 lecto
964 3295 997 3352 et
1022 3288 1093 3369 ipse
1112 3287 1300 3368 incideram,

179 3402 243 3465 qua
264 3383 451 3448 existumat:
478 3382 576 3459 ,dasz
591 3382 643 3448 die
658 3403 743 3447 nom.
758 3403 810 3466 ag.
825 3384 895 3451 ihre
909 3385 1152 3468 ursprdngliche
1166 3384 1302 3450 Stamin-

179 3481 259 3545 lorm
287 3479 320 3544 in
351 3477 407 3544 der
430 3479 632 3544 Declination
660 3480 806 3562 ganzlich
830 3482 1016 3565 eingebdsnt
1040 3481 1163 3562 haben,
1192 3481 1302 3547 indem

180 3578 305 3644 uberall
322 3575 374 3642 die
389 3577 501 3642 star-ke
512 3576 753 3660 eingedrungen
767 3579 841 3644 ist.“
872 3580 915 3645 Ut
929 3580 1024 3662 igitur
1035 3576 1173 3664 πατρός,
1188 3583 1302 3664 πατρί,

180 3671 331 3761 πατράσι
354 3678 430 3753 ete,
453 3673 507 3739 *sio
534 3674 695 3756 quondam
725 3673 838 3762 ἰατήρ,
868 3673 1009 3759 *ἰατρός
1039 3676 1090 3755 (cl.
1116 3674 1301 3758 έατρ-ό-ς)

179 3771 297 3857 *ἰατρέ
312 3789 369 3855 pro
386 3768 533 3856 ἰατῆρος,
559 3769 672 3857 ἰατῆρι
692 3771 888 3842 declinatum
904 3780 962 3853 est,
986 3781 1098 3857 postea
1113 3773 1301 3838 nominativi
1350 3782 1353 3790 '

179 3872 281 3936 forma
302 3869 336 3933 in
358 3867 498 3950 reliquos
520 3888 613 3934 cesus
636 3871 793 3958 translata
815 3882 863 3937 est
876 3871 997 3938 eodem
1019 3870 1124 3952 modo,
1148 3890 1241 3954 quern
1267 3872 1302 3936 in

181 3968 327 4033 omnibus
361 3966 428 4032 lere
460 3965 579 4048 linguis
607 3965 878 4049 indogermanicis
909 3969 1047 4055 perspici
1079 3988 1174 4051 posse
1203 3969 1303 4052 Brug-

176 4083 289 4133 manus
312 4065 342 4144 (ξ
357 4066 388 4143 7)
410 4062 513 4129 docet.
