3208 4928
280 463 342 525 270
427 495 435 510 κ
776 467 910 523 Schrader
948 483 951 487 ·

265 640 484 721 ‚tfotuogwi
497 662 570 707 nov.
584 641 811 708 restaurans
826 641 842 706 Ι
857 644 934 706 226:
953 641 1209 726 5555555515
1222 641 1342 711 (Herm.
1358 644 1409 708 111

279 744 353 815 449)
369 742 520 823 Βωρθέα
538 735 671 826 131955.
687 741 703 804 Ι
718 730 792 814 225)
815 736 958 824 βωρθὲα
974 739 1095 816 (Herm.
1110 737 1160 804 III
1176 743 1251 817 450)
1268 745 1409 825 βωρθία

279 840 418 924 Hesych.
434 867 478 892 ε
492 830 598 923 ὀρθία
620 837 659 903 51.
675 838 802 903 Ahrens
817 839 849 902 11
865 843 925 916 §a
947 838 977 904 J.
993 837 1140 905 Schmidt
1153 858 1222 905 voc.
1238 840 1270 904 Il
1287 842 1359 904 310.

189 929 190 934 ’
332 1017 333 1020 ¹
365 941 397 1016 2)
420 937 602 1018 Utraque
625 934 833 1001 dialectus
856 959 873 1012 ς
895 935 1030 1003 finale
1051 935 1092 1000 15
1115 960 1134 1019 ρ
1158 943 1295 1003 mutat.
1318 930 1431 1002 el.C.'

279 1036 304 1101 1.
327 1043 374 1118 g'r.
392 1041 428 1100 11
452 1044 527 1118 τοῖρ
549 1032 717 1118 saeptos,
740 1030 777 1097 αἱ
800 1031 837 1098 δέ
861 1058 914 1118 τιρ
938 1034 977 1100 51.
994 1033 1240 1100 Ahrens1227.
1264 1031 1314 1100 Ol.
1330 1054 1406 1100 nor.

278 1130 366 1217 θεόρ
393 1139 424 1214 1,
460 1126 556 1214 dumo
579 1134 614 1208 4,
647 1127 916 1217 Δαμοκράτηρ4
947 1139 979 1199 et
1007 1133 1142 1214 ubique:
1176 1132 1236 1197 lae.
1266 1129 1406 1216 νεικάαρ

279 1235 388 1299 Herm.
411 1231 549 1296 111449.
582 1225 781 1314 Ζεύξιππορ
795 1224 912 1316 Άθην.
937 1228 950 1292 Ι
973 1233 1044 1293 255.
1076 1227 1273 1313 νεικάαντερ
1296 1230 1419 1295 Herm.

279 1326 1122 1410 111455515555551155.5555555555
1140 1327 1407 1394 M.Schmidtium
1512 1329 1514 1334 '
1595 1317 1596 1320 '

280 1430 332 1507 (Κ.
356 1429 390 1493 Ζ.
414 1427 446 1494 X
468 1429 543 1504 206)
564 1426 716 1508 55555515,
744 1427 890 1492 Lacones
911 1426 953 1492 ab
976 1425 1065 1491 Eleis
1085 1425 1120 1491 in
1142 1444 1181 1491 eo
1204 1424 1406 1504 differebant,

280 1526 365 1611 quod
394 1544 492 1590 unum
516 1523 652 1600 §duale
680 1525 713 1588 iu
737 1549 755 1607 ρ
778 1525 962 1602 mutabant,
992 1523 1064 1588 Elei
1090 1523 1188 1587 5515
1213 1521 1318 1589 fronte
1340 1523 1408 1604 qoi-

281 1626 355 1692 dem
370 1631 425 1690 aut
440 1623 473 1688 in
489 1621 596 1688 media
611 1625 839 1688 vocabulorum
854 1628 946 1704 parte
962 1643 983 1686 o
997 1621 1151 1685 intactum
1166 1620 1406 1702 relinquebant3
1486 1631 1494 1638 '

281 1723 403 1790 scilicet
424 1721 458 1786 in
480 1720 559 1802 ipsis
581 1719 682 1785 titulis
707 1721 800 1785 huius
828 1719 955 1802 generis
984 1719 1134 1802 exempla
1156 1738 1221 1784 non
1243 1719 1407 1800 reperiun-

279 1828 327 1887 ter
350 1827 382 1888 et
405 1818 546 1901 deipsis
568 1817 648 1899 iilis,
671 1837 754 1901 quae
776 1819 870 1882 affert
897 1818 938 1882 M.
956 1816 1152 1883 Schmidtius
1181 1815 1231 1895 (51.
1257 1813 1408 1900 Θέρμιος

280 1939 338 2003 pro
363 1914 531 1997 Θέσμιος,
563 1915 638 2001 ῥίγα
656 1931 664 1946 ·
679 1911 823 1996 σιώπα),
852 1921 956 1980 utrum
987 1915 1059 1980 elea
1086 1914 1151 1980 sint
1179 1919 1211 1979 et
1232 1931 1267 1978 55
1288 1932 1365 1977 vera
1387 1917 1433 1996 ρ’

282 2037 340 2101 pro
371 2037 392 2080 o
426 2013 600 2079 exhibeant
632 2030 750 2093 necne,
784 2011 881 2077 vaide
910 2011 1058 2078 dubitare
1086 2012 1171 2077 licet.
1210 2010 1249 2077 51.
1281 2008 1408 2075 Curtius

278 2116 393 2198 etym.⁴
415 2115 486 2175 447.

371 2213 401 2282 3)
431 2209 512 2275 Mos
544 2227 565 2270 σ
593 2207 702 2272 inter
730 2206 900 2272 vocales
928 2205 970 2270 in
999 2206 1188 2290 spiritum
1218 2225 1407 2289 asperum

280 2305 477 2374 vertendi
494 2306 539 2370 in
568 2310 702 2388 utraque
730 2305 860 2370 valebat
889 2303 1036 2370 dialecto.
1082 2302 1131 2370 01.
1155 2323 1228 2369 nov.
1255 2289 1407 2388 ποήᾶται

280 2427 310 2473 u.
324 2410 365 2472 35
381 2398 556 2490 ποήὰσσαι
571 2423 601 2468 v.
615 2406 665 2470 33.
688 2403 791 2468 15555.
805 2397 925 2486 errotis
941 2402 1164 2468 1155511533.
1186 2396 1281 2483 priris
1298 2401 1406 2466 Herm.

281 2504 328 2570 ΙΙΙ
351 2506 423 2567 449.
452 2496 590 2586 νεικάᾶρ
613 2501 721 2566 Herm.
746 2501 794 2565 ΙΙΙ
818 2503 888 2564 449.
919 2494 1115 2584 vertudense
1139 2499 1246 2564 Herm.
1263 2498 1314 2562 ΙΙΙ
1333 2504 1406 2564 4511.

232 2609 249 2623 ·
280 2595 449 2666 Ποὸιόἄνι
472 2601 580 2666 Herm.
604 2599 653 2665 III
675 2599 725 2665 515
747 2599 785 2664 51.
808 2598 934 2663 Ahrens
956 2598 988 2662 Il
1009 2593 1080 2677 5'9.
1124 2595 1325 2678 Quamquam
1346 2595 1408 2661 hae

280 2719 407 2784 quoque
428 2699 462 2765 15
477 2717 514 2765 55
527 2697 662 2781 insignis
677 2696 841 2777 utriusque
857 2694 986 2762 dialecti
1002 2693 1194 2778 conspicitur
1210 2694 1406 2777 differentia3

280 2817 448 2864 namnum
471 2797 543 2862 Elei
571 2796 672 2862 solam
702 2794 840 2876 priscam
869 2813 1043 2858 consonam
1066 2814 1087 2857 σ
1113 2792 1149 2857 15
1170 2792 1315 2874 spiritum
1338 2812 1407 2857 ver·

280 2902 366 2977 tant,
396 2916 417 2959 σ
438 2913 478 2960 ex
501 2917 520 2958 τ
540 2899 650 2958 natum
679 2891 829 2971 religiose
858 2898 988 2956 servent
1017 2889 1067 2965 (51.
1090 2874 1406 2975 capessundam,

181 2977 187 2991 .
281 2991 570 3075 ἀπροφασίστωρ,
598 2985 781 3072 synopsis),
812 2987 959 3051 Lacones
980 2987 1084 3051 neutri
1107 3005 1268 3052 consonae
1291 3009 1312 3051 σ
1333 3007 1417 3070 spe-.

281 3088 341 3154 ciei
363 3093 500 3171 pareunt
522 3084 572 3164 (ef.
596 3081 716 3169 1555155
733 3105 740 3146 :
757 3077 833 3164 μῶᾶ
855 3102 896 3148 ex
917 3080 1071 3167 *555515
1095 3078 1179 3161 ndei,
1196 3078 1372 3160 5555555.

366 3181 567 3265 Quamquam
589 3201 630 3246 ex
652 3179 702 3245 515
723 3179 820 3246 55555
839 3181 964 3263 utrique
979 3179 1115 3247 dialecto
1136 3187 1192 3247 aut
1213 3201 1285 3246 cum
1307 3182 1407 3247 551115

280 3290 337 3348 aut
358 3300 428 3346 cum
451 3282 562 3365 paucis
583 3279 804 3344 communibus
831 3278 859 3344 51
881 3279 952 3362 5515
974 3277 1137 3344 odardus
1160 3279 1310 3345 Eleorum
1333 3298 1405 3344 cum

281 3379 462 3446 Laconibus
504 3369 704 3461 cognationis
745 3377 949 3442 statuendum
986 3376 1149 3441 vinculum
1192 3377 1405 3444 coniecturam

280 3463 403 3560 fecerit,
426 3483 545 3567 quanto
566 3474 600 3541 in
622 3492 728 3541 errore
750 3480 910 3556 versetur,
933 3480 1032 3558 patet.
1076 3475 1297 3540 Demonstrari
1319 3475 1405 3540 enim

279 3583 385 3660 potest
406 3593 517 3641 omnes
538 3573 614 3638 illas
635 3571 821 3637 affectiones
835 3571 1020 3638 recentioris
1035 3589 1106 3637 esse
1121 3571 1262 3653 originis.
1299 3573 1405 3655 Velut,

282 3673 366 3756 quod
381 3671 665 3735 rhotacismum
685 3667 775 3732 illurn
791 3671 915 3748 attinet,
938 3669 971 3732 in
986 3667 1237 3750 antiquissimo³t
1255 3671 1405 3735 Eleorum

350 3824 371 3888 ³)
389 3821 513 3891 Apparet
535 3819 597 3873 inde
614 3817 785 3872 Eretrienses
809 3833 910 3873 morem
932 3818 1006 3873 illum
1030 3817 1064 3870 ab
1082 3817 1156 3873 Eleis
1180 3835 1235 3874 non
1257 3820 1404 3888 accepisse,

280 3907 312 3958 ut
328 3901 442 3957 tradunt
458 3899 632 3970 grammatici.
667 3896 781 3953 Accedit
798 3898 870 3967 quod
889 3903 985 3953 contra
1001 3898 1086 3967 ipsius
1105 3896 1248 3953 Strabonis
1268 3900 1365 3954 testim.
1378 3897 1405 3951 X

280 4000 307 4053 p.
326 3987 376 4038 586
401 3980 491 4051 quarti
513 3981 620 4049 quidem
641 3993 712 4034 saec.
730 3978 806 4032 initio
825 3978 996 4033 Eretrienses
1019 3978 1106 4032 solum
1125 3995 1141 4029 o
1158 3979 1187 4033 in
1209 3980 1329 4046 ,,με’σῳ“
1349 3994 1405 4032 non

280 4064 309 4118 in
322 4061 435 4123 „sticu‘
452 4059 583 4132 ῥημάτων
597 4061 625 4114 15
641 4064 842 4129 enataverunt
860 4059 894 4114 51.
906 4057 1095 4114 Eustratiadcs
1107 4059 1251 4114 Archaeol.
1264 4059 1325 4129 eph.
1339 4063 1405 4112 reta
