3230 4928
826 451 904 520 Ruse

365 627 417 700 17)
439 621 542 701 Quem
571 641 625 688 me
657 622 745 688 dioes
779 622 958 704 digniorem
991 647 1063 694 esse
1095 627 1258 696 homiuem
1289 629 1425 697 Athonis

297 723 443 787 alterum.
479 721 574 804 Epid.
590 719 650 802 ΙΙΙ,
673 725 939 808 4,7031,1,24.
976 726 1014 790 In
1036 725 1100 790 fab.
1122 726 1302 808 Aulularia,
1324 727 1425 794 Pseu·

297 818 384 901 dnlo,
407 819 604 886 Truculento
626 821 796 904 quinquies
817 821 997 899 ,Athenis“
1019 829 1133 888 exstat

360 921 414 992 23)
437 918 492 999 qni
514 918 684 1002 Syracusis
706 920 813 985 babet
846 921 929 986 llen.
953 923 1004 985 69.
1030 923 1080 984 17.
1104 923 1175 983 409.

435 1023 468 1080 te
490 1015 660 1101 Syracusis
682 1023 792 1082 natum
816 1037 897 1084 esse.
924 1021 1014 1081 1097.

360 1118 414 1190 27)
434 1120 544 1178 natam
554 1114 677 1180 Thebis
687 1114 815 1180 videou’
826 1134 886 1198 ego
897 1122 939 1180 te.
962 1113 1104 1196 Epidv,
1120 1119 1147 1194 l,
1160 1117 1211 1178 29.
1223 1113 1341 1197 Amph.
1349 1118 1422 1180 677.

299 1215 392 1276 1046.
415 1212 497 1276 Rud.
515 1214 587 1276 746.
796 1209 799 1215 ’

382 1329 629 1396 Consideremus
650 1329 745 1396 huius
766 1329 963 1413 quaestionis
983 1347 1068 1410 quae
1090 1329 1132 1394 sit
1154 1348 1288 1394 summa.

381 1428 594 1510 Reperiuntur
619 1432 648 1505 l)
669 1435 823 1493 terrarum
847 1425 1011 1492 nominum
1033 1426 1198 1507 exempla:

296 1529 329 1601 o)
343 1524 443 1589 ablat
449 1524 696 1608 singdlldeel,
706 1532 719 1589 1
728 1526 799 1591 sine
805 1546 933 1610 praep.;
945 1527 1042 1588 Suum
1051 1543 1161 1606 praep.
1170 1526 1350 1606 (praeterea
1358 1523 1421 1589 duo

294 1627 328 1704 β)
386 1671 400 1699 ,,
478 1622 646 1701 ,1.11.,
685 1659 728 1669 —
756 1673 770 1701 ,
847 1672 861 1700 ,
922 1625 961 1684 21
1117 1622 1266 1706 exempla
1280 1621 1421 1697 montis).
1470 1668 1476 1675 -

294 1724 325 1804 7)
383 1769 397 1798 a
447 1722 529 1804 plur·
543 1756 587 1766 '¹'
629 1769 643 1797 n
707 1726 720 1783 ¹
753 1769 766 1799 n
846 1768 859 1796 n
920 1754 963 1764 ““

380 1843 412 1914 2)
436 1839 570 1906 Urbium
592 1840 756 1905 nominum
779 1839 944 1921 exempla:

294 1941 327 2013 α)
342 1937 664 2020 abl.siug.lll.deel.,
683 1938 937 2020 llsinepraep.;
959 1971 1001 1981 -
1019 1955 1090 2000 eum
1106 1954 1217 2018 praep.

293 2037 379 2115 pt),
444 2083 458 2108 ,
493 2035 570 2097 LII.
602 2083 616 2111 ,
684 2035 770 2112 tlt),
859 2083 873 2111 ,
961 2036 1000 2097 19

294 2136 326 2215 7)
363 2179 377 2207 a
413 2132 552 2214 plan*
601 2180 616 2208 a
685 2135 769 2208 30„
856 2178 870 2208 n
956 2166 998 2175 ““

379 2247 503 2327 Quibus
518 2249 614 2315 rebus
628 2251 784 2332 expositis
798 2249 972 2332 singularis
986 2249 1111 2315 numeri
1125 2247 1301 2314 ablativum
1314 2248 1418 2332 ipsam

292 2347 423 2413 looativi
446 2349 512 2411 rim
534 2366 597 2411 non
621 2347 774 2414 babuisse
788 2356 935 2431 apparet,
956 2347 1080 2428 aliquot
1100 2354 1207 2411 autem
1228 2347 1344 2412 tertiae
1365 2346 1419 2414 de

293 2443 476 2510 clinationis
490 2446 631 2525 nomina,
654 2465 787 2528 quorum
803 2445 925 2510 formae
946 2443 1085 2509 looativo
1100 2444 1328 2526 respondeant,
1351 2445 1419 2511 eius

292 2564 386 2609 oasus
403 2544 475 2607 loeo
490 2542 639 2608 adhibita
654 2563 734 2622 esse,
757 2562 822 2624 qua
836 2561 872 2607 re
886 2540 931 2622 id,
953 2539 1039 2624 quod
1055 2540 1097 2606 de
1111 2541 1244 2606 ablativi
1259 2544 1294 2606 in
1308 2542 1420 2624 lingua

291 2641 402 2704 italioa
423 2647 521 2722 atque
547 2640 651 2704 latina
671 2641 705 2704 vi
732 2639 982 2723 disputavimus,
1012 2637 1224 2704 eonfirmatnr.
1268 2640 1352 2704 Tum
1373 2637 1417 2720 id,

292 2737 379 2820 quod
401 2736 443 2802 de
464 2737 599 2802 ablativi
621 2737 756 2819 pluralis
777 2737 881 2801 torma
897 2757 994 2819 supra
1015 2736 1230 2818 exposuimus,
1252 2737 1417 2818 probatur,

291 2835 553 2917 comparantibus
582 2836 668 2900 enim
696 2834 790 2899 nobis
811 2834 944 2900 ablativi
972 2833 1144 2915 singularis
1167 2830 1249 2898 deel.
1271 2833 1297 2897 I.
1319 2841 1352 2899 et
1373 2833 1418 2899 ΙΙ.

291 2953 383 2998 nsum
406 2952 477 2998 eum
503 2932 636 2997 ablativi
664 2932 799 3016 pluralis
828 2952 887 2997 usu
916 2930 1048 2995 dubium
1073 2951 1139 2994 non
1167 2935 1232 3008 est,
1261 2930 1339 3011 quin
1364 2929 1418 2995 hie

292 3030 422 3094 loeativi
445 3028 560 3094 suffixo
581 3030 737 3094 formatus
759 3031 811 3094 sit.

420 3146 480 3211 III.
517 3147 740 3213 Ablativus
763 3147 830 3228 qui
852 3147 1062 3212 terminum
1084 3145 1125 3209 in
1148 3164 1262 3228 quem
1285 3145 1416 3229 signi-

290 3245 422 3310 lieare
443 3244 615 3310 videtur.

378 3346 434 3412 Vis
448 3345 594 3429 ablativi,
617 3347 659 3412 de
681 3366 745 3428 qua
761 3365 847 3410 nuno
862 3345 1065 3424 disseremus,
1088 3363 1282 3426 quamquam
1304 3365 1325 3410 a
1345 3364 1418 3428 pro-

290 3445 362 3529 pria
375 3443 471 3509 lunius
485 3463 580 3510 easus
594 3450 756 3528 potestate
770 3443 918 3527 primitus
935 3441 1064 3508 diversa
1078 3462 1144 3507 non
1158 3442 1228 3524 fuit,
1245 3449 1417 3527 propterea

289 3548 401 3607 tamen
423 3541 549 3607 silentio
570 3542 736 3626 praeteriri
751 3563 818 3607 non
835 3546 950 3624 potest,
973 3538 1060 3622 quod
1074 3560 1115 3606 ex
1135 3547 1265 3605 nostrae
1285 3541 1416 3622 linguae

290 3659 349 3704 usu
370 3637 494 3721 aliquot
514 3638 666 3705 ablativis
693 3640 804 3706 latinis
826 3659 866 3705 ea
887 3639 937 3704 vis
957 3639 1065 3704 inesse
1085 3636 1226 3718 videtur,
1255 3644 1290 3701 ut
1311 3637 1418 3704 termi-

289 3756 366 3800 num
389 3737 454 3818 qui·
466 3735 580 3801 dieitur
600 3736 635 3800 in
657 3757 752 3818 quem
773 3735 962 3819 significent.
996 3735 1043 3800 At
1056 3734 1123 3800 alia
1137 3754 1236 3818 saepe
1251 3734 1416 3816 Romanis,

290 3833 357 3898 alia
377 3833 471 3899 nobis
492 3832 654 3916 cogitandi
676 3833 758 3898 ratio
769 3841 838 3909 ,est
864 3871 906 3880 -
929 3834 1090 3917 Exempla
1109 3833 1191 3897 haee
1212 3839 1302 3897 suut:

418 3964 483 4008 nou
511 3944 574 4009 hae
601 3950 721 4011 temere
742 3943 870 4010 transiri
898 3949 1014 4027 potest.
1045 3943 1162 4008 Baeeh.
1186 3945 1227 4009 85
1249 3942 1283 4020 (i.
1305 3961 1334 4008 e
1356 3938 1417 4004 bno

289 4041 340 4102 adu
361 4049 418 4106 aut
439 4039 477 4103 ab
498 4041 558 4104 buo
574 4047 693 4125 purte).
