3218 4934
284 469 327 530 96
785 476 918 532 Baonack

284 647 562 813 θηλείιὲιςὲᾱὶιι
589 667 715 734 papyro
735 649 927 732 aegyptiaco
955 649 998 714 ab
1020 651 1099 715 Eru.
1122 647 1210 715 Ourt
1231 650 1265 715 in
1287 649 1410 715 Auecd.

367 769 401 831 p.
445 752 464 811 7
530 748 593 812 ito:

284 865 346 933 ἐπὶ
366 866 524 951 θηλείαις
550 862 700 938 τέκνοις,
730 865 833 929 lorma
859 863 1021 950 θηλέοις,
1049 886 1147 948 quam
1174 875 1408 950 exspectamus,

284 966 356 1032 sine
377 963 475 1030 dubio
497 959 673 1030 seeundum
700 961 876 1028 femininae
902 961 1025 1028 formae
1045 962 1205 1048 θηλείαις
1225 963 1409 1046 analogiam

284 1062 519 1146 diphthongum
541 1083 574 1124 ει
594 1060 729 1142 acecpit

367 1160 482 1225 Restat
510 1166 547 1222 ut
579 1176 824 1223 commemorem
859 1177 900 1222 ea
933 1158 1084 1241 exempla
1114 1157 1280 1240 coIIIgenti
1311 1165 1408 1240 atque

283 1255 319 1320 in
351 1276 451 1325 unum
477 1263 683 1338 conspectum
719 1254 905 1336 congerenti
939 1255 975 1320 id
1005 1254 1084 1320 mihi
1119 1256 1281 1320 maximae
1312 1275 1410 1320 curae

282 1352 396 1434 luIsse,
418 1361 571 1436 utquam
591 1355 659 1420 late
680 1351 837 1418 eiusmodi
857 1352 979 1418 tornac
1000 1360 1164 1436 paterent,
1194 1352 1407 1419 ostenderem.

282 1451 389 1516 Etiam
410 1451 455 1533 id,
477 1451 564 1534 quod
586 1469 645 1517 eac
665 1450 789 1516 formae
801 1449 866 1514 iam
887 1451 970 1536 satis
980 1451 1122 1534 antiquis
1142 1450 1340 1535 temporibus
1361 1454 1409 1517 in·

277 1547 463 1631 veniuntur,
486 1555 573 1615 certe
586 1546 809 1630 diguirrsimum
823 1554 874 1614 est
890 1547 977 1630 quod
997 1554 1189 1632 spwtemus,
1211 1567 1306 1630 quam
1327 1568 1407 1630 rem,

281 1654 317 1711 ut
337 1666 411 1714 mea
432 1645 825 1733 explicatioprobabilior
845 1643 910 1727 fiat,
933 1643 1058 1711 efficere
1078 1652 1167 1729 puto.

281 1967 371 2032 VIII.
408 1968 466 2032 De
486 1966 701 2032 nonnullis
721 1966 838 2033 verbi
860 1959 950 2045 εἶμι
971 1964 1208 2050 indicatIvi,
1230 1968 1405 2048 impera·

281 2065 374 2144 tivi,
396 2065 634 2148 imperfecti
655 2064 816 2142 lenuis,
837 2082 941 2146 quae
962 2064 1276 2146 coniugationis
1296 2065 1403 2130 iu·ue

559 2160 922 2227 terminationibus
943 2166 1124 2226 utuntur.

365 2297 445 2362 (lum
474 2297 592 2363 radicis
612 2299 628 2358 i
645 2298 867 2362 coniunctivus
895 2303 928 2362 et
955 2297 1119 2379 optativus
1146 2297 1403 2379 coniugationem

278 2397 314 2461 iu
340 2419 386 2459 -uo
414 2403 589 2479 sequantur
619 2401 717 2476 atque
748 2393 908 2478 participii
936 2413 1063 2476 queque
1094 2394 1197 2459 forma
1228 2393 1403 2460 secundum

278 2494 448 2562 verborum
469 2494 504 2558 in
519 2517 564 2556 -ω
577 2492 763 2574 analogiam
784 2491 932 2573 fingatur,
955 2491 1053 2554 etiarn
1070 2492 1155 2556 alias
1174 2492 1294 2556 formas
1315 2492 1405 2557 velut

277 2591 454 2672 indicativi,
476 2589 670 2674 imperativi,
691 2589 869 2672 inperfecti
884 2588 1028 2654 eiusdem
1043 2589 1276 2669 coniugationis
1297 2591 1403 2654 termi-

277 2691 428 2757 nationes
454 2689 609 2755 ascivisse
637 2687 810 2752 admodum
839 2694 889 2752 est
916 2685 1072 2750 credibile
1098 2693 1132 2750 et
1159 2693 1266 2768 potest
1289 2705 1403 2770 exspe-

277 2789 368 2854 ctari.
411 2789 454 2853 nt
474 2787 617 2870 prolecto
638 2784 819 2868 Hesychius
839 2783 875 2846 in
901 2783 1006 2848 lexico
1026 2782 1206 2863 glossarum
1228 2783 1315 2848 haud
1336 2787 1403 2849 exi·

276 2905 374 2968 guum
395 2904 564 2949 numerum
583 2881 702 2960 attulit,
724 2899 808 2962 quae
828 2898 1023 2962 quamquam
1037 2899 1059 2942 a
1072 2878 1150 2944 viris
1171 2878 1273 2944 doctis
1294 2879 1402 2946 adhue

275 2981 344 3047 iere
364 3001 477 3045 omnes
498 2981 532 3044 in
559 2978 774 3060 suspicionem
796 2981 931 3042 vocatae
955 2983 1044 3056 sunt,
1075 2983 1183 3042 tamen
1204 2983 1338 3042 eunome
1358 2997 1401 3042 ex

277 3096 343 3141 nna
363 3075 542 3156 mdemque
556 3075 680 3140 ratione
694 3071 918 3138 consideratae
930 3079 1028 3153 atque
1048 3072 1210 3138 iudicatae
1223 3093 1287 3137 uno
1308 3075 1402 3155 quasi

277 3173 391 3237 obtutu
411 3172 652 3254 intelleguntur.
690 3169 788 3236 Cuius
808 3169 937 3252 generis
957 3169 1088 3251 glossae
1109 3168 1172 3235 hae
1193 3169 1356 3250 leguntur:

365 3275 394 3346 1)
424 3267 511 3334 εἵω·
533 3265 787 3350 πορεύομαι.

360 3365 560 3432 Indcetivus
581 3363 782 3446 πορεύομαι,
805 3384 900 3446 quem
921 3363 1024 3429 codex
1046 3362 1187 3442 exbibet,
1211 3361 1253 3426 ab
1275 3361 1398 3427 Abrett-

276 3464 324 3530 sio
338 3465 380 3546 11,
397 3468 459 3530 340
473 3464 508 3528 in
522 3462 758 3528 coniunctivuur
772 3469 911 3526 mutatus
926 3467 985 3542 est,
999 3458 1178 3527 Schmidtio
1192 3459 1226 3522 in
1240 3477 1399 3523 commen-

276 3562 357 3626 tario
371 3562 612 3644 comprobante.
652 3558 717 3625 Sed
732 3559 789 3625 alii
804 3579 931 3642 quoqne
951 3556 1152 3641 grammatici
1171 3573 1236 3620 uno
1257 3573 1313 3620 ore
1333 3575 1398 3620 mo·

276 3657 352 3723 dnm
372 3665 531 3725 testantur
551 3656 772 3723 indicativum.
809 3657 862 3722 Ita
882 3655 1039 3722 Choerob.
1060 3654 1094 3718 in
1115 3650 1240 3718 Theod.
1259 3653 1332 3731 584,
1356 3655 1394 3716 31

275 3755 393 3839 (Elym.
407 3757 492 3838 Mag.
512 3758 581 3837 121,
598 3759 651 3831 30)
675 3752 745 3832 cic,
766 3755 881 3835 iuquit,
904 3757 1062 3840 σημαίνει
1085 3749 1122 3816 δὲ
1144 3747 1183 3812 τύ
1206 3745 1398 3829 πορεύομαι

275 3845 323 3927 ὡς
344 3851 438 3935 παρὰ
459 3850 628 3938 Σώφρονι.
671 3851 756 3917 Dein
780 3850 815 3916 in
836 3852 943 3934 Etym.
966 3851 1050 3932 Mag.
1073 3851 1147 3929 424,
1169 3848 1210 3909 23
1233 3850 1299 3909 eat:
1336 3841 1397 3907 el'w

273 3945 311 4009 εἰ
340 3947 531 4031 πορεύομαι
558 3948 616 4014 διὰ
639 3947 832 4034 διφθόγγοο
854 3944 901 4025 ὥς
923 3969 1011 4035 φησι
1031 3940 1183 4029 Σώφρων
1210 3939 1246 4007 ἐν
1270 3943 1398 4004 Ocno·

275 4041 379 4130 θήρᾳ.
423 4045 492 4112 Nec
513 4047 619 4111 minus
639 4047 674 4110 in
697 4047 780 4111 dnn.
803 4045 886 4113 Oxru
907 4048 936 4126 I,
958 4048 1030 4125 211,
1053 4045 1094 4106 22
1118 4041 1205 4106 idem
1228 4043 1278 4102 est
1297 4035 1396 4100 tradi-
