3218 4934
227 527 230 532 -
256 482 318 543 134
757 483 890 538 Baunaok

340 662 369 736 o)
406 655 565 740 Imprimis
587 655 782 721 mouendum
806 663 854 722 est
875 656 909 720 in
931 675 1008 721 una
1031 652 1250 737 eademque
1271 655 1391 719 Mam·

255 755 392 821 tineae
419 755 698 838 inseriptione
724 756 816 836 352p
846 751 1132 818 femininorum
1160 752 1383 835 genetivos

239 851 288 928 ¹iu
311 875 359 930 ας
381 846 563 932 (Ἐπαλέας,
582 848 768 929 Ἔνοαλίας,
789 843 1006 931 Ὁπλοδμίας,
1033 847 1253 928 nosocomos,
1276 855 1383 914 foro-

255 952 390 1026 κισίας),
407 948 773 1028 masculinorum-iu
788 972 835 1012 αυ
851 951 1001 1028 (fenoleto
1019 952 1051 1014 et
1065 945 1266 1022 Ὲλαυκίδαυ)
1283 948 1382 1014 exire.

256 1046 405 1113 Eandem
433 1048 577 1130 regulam
601 1045 759 1131 Cyprii,
789 1066 922 1130 quorum
953 1045 1109 1112 dialeotus
1139 1066 1210 1112 oum
1233 1044 1383 1111 aroadioa

255 1163 381 1212 summa
403 1145 593 1228 cognatione
609 1150 657 1210 est
679 1144 859 1226 ooniuneta,
883 1149 1058 1227 sequuntur
1073 1143 1140 1218 (eir.
1154 1138 1382 1226 Ὀνασαγόραο

147 1323 151 1326 ,
254 1248 290 1308 at
311 1238 476 1321 Ἀθάνας,
507 1242 573 1308 alia
595 1243 757 1327 permulta
777 1241 812 1306 iu
833 1261 899 1306 una
920 1242 1014 1308 inser.
1038 1240 1129 1307 Stud.
1152 1240 1215 1307 VII
1243 1263 1275 1326 p.
1299 1243 1383 1318 240).

255 1339 325 1406 Neo
363 1339 468 1405 miuus
502 1339 834 1424 Pamphyliorum
874 1339 1114 1423 inscriptiones,
1153 1359 1234 1422 quas
1266 1339 1386 1424 Siegis·

254 1435 393 1504 mundus
421 1438 572 1503 tractavit
600 1436 691 1503 Stud.
719 1437 770 1502 IX
796 1457 828 1520 p.
851 1440 909 1520 91,
943 1435 1168 1505 femininorum
1197 1443 1229 1502 et
1260 1456 1384 1504 maseu·
1460 1457 1465 1464 ’

255 1534 392 1600 linorum
413 1535 582 1617 genetivos
602 1531 771 1602 distineut:
794 1534 931 1618 legimus
946 1535 996 1601 bis
1011 1539 1107 1616 μνᾶς,
1130 1529 1381 1618 αῐὙδραμούαυ

94 1674 102 1686 -
175 1639 180 1651 “
254 1631 402 1712 (tortasse
416 1652 473 1717 pro
493 1628 736 1716 [Epi-ipsarum)
758 1669 801 1678 -
823 1631 858 1697 C.
875 1633 899 1698 Ι.
916 1635 954 1698 81
972 1632 1180 1698 Atheniensis
1195 1628 1382 1714 Εὐδράμων

254 1729 439 1814 appellatur
460 1766 512 1810 -,
541 1730 587 1795 uti
609 1731 644 1796 in
664 1731 760 1796 inser.
784 1733 803 1794 3
827 1728 971 1794 eiusdem
994 1728 1221 1806 „Studiorum“
1242 1731 1382 1814 paginae

254 1832 342 1895 oerte
363 1825 598 1915 (Ἀ)φόρδιαις,
615 1825 814 1931 Ἀφοςδισίο
830 1827 851 1891 i.
869 1847 896 1893 e.
913 1823 1141 1913 Ἀφορόίσιος,
1163 1823 1382 1912 Άφορδισίοο

254 1924 429 2008 legendum
452 1931 524 1999 est).
561 1923 685 2004 Quibus
699 1924 795 1990 rebus
816 1925 973 2007 reputatis
995 1924 1235 1991 eoncedendum
1258 1932 1306 1992 est
1328 1926 1385 1992 ba·

255 2021 342 2104 bere,
365 2041 428 2103 quo
451 2020 605 2087 defendat
626 2021 819 2088 sententiam
842 2041 948 2104 suam,
971 2021 1190 2105 Leskienium,
1217 2023 1270 2106 qui
1292 2029 1384 2107 putat

255 2118 447 2201 Tegeatioos
458 2117 532 2183 illos
543 2119 683 2201 quinque
694 2119 863 2202 genetivos
875 2119 1049 2186 seeundum
1067 2120 1314 2187 maseulinorum
1329 2140 1385 2203 ge-

256 2215 437 2281 netivorum
454 2214 639 2297 analogiam
651 2235 723 2283 esse
737 2216 900 2298 formatos,
916 2237 1012 2300 quam
1031 2219 1299 2301 permutationem
1310 2218 1385 2283 arti·-

256 2312 320 2378 euli
338 2312 440 2378 torma
455 2316 516 2389 τᾶς
530 2312 656 2395 vitavit,
679 2314 726 2380 ita
741 2320 776 2379 ut
790 2315 959 2398 genetivus
974 2320 1035 2392 τᾶς
1052 2315 1184 2397 ζαμίαν,
1208 2322 1268 2392 τᾶς
1284 2313 1385 2382 ἐσδο-

256 2414 336 2488 καῦ,
366 2416 427 2488 τᾶς
454 2407 619 2495 ἐργωνίαο
648 2412 817 2495 oolligatos
844 2413 990 2495 legamus
1019 2413 1084 2488 (die
1107 2414 1310 2480 Deolination
1339 2415 1384 2478 im

256 2506 630 2575 Slavisoh-Litauisohen
652 2509 718 2574 und
741 2509 994 2577 Germanisehen
1019 2533 1051 2595 p.
1075 2515 1136 2589 40).

343 2606 375 2680 9)
412 2604 719 2673 Deoliuatiouis
747 2627 823 2674 see.
845 2609 1031 2692 genetivi
1061 2607 1250 2692 plerumque
1272 2609 1304 2674 in
1328 2633 1382 2688 -ω,

255 2701 289 2766 ἰιι
316 2700 413 2768 inser.
442 2703 673 2771 recentioribus
702 2705 734 2769 in
764 2729 837 2784 -ov,
867 2707 902 2771 in
931 2706 1026 2771 inser.
1048 2706 1183 2772 metrioa
1211 2708 1326 2784 (33ia)
1349 2707 1383 2772 in

255 2822 326 2864 ·οιο
351 2804 469 2879 (ναοῖο,
493 2799 668 2878 πλούτοιο)
692 2810 820 2868 exeunt.
865 2803 1031 2885 Nusquam
1060 2804 1211 2885 leguntur
1231 2804 1382 2887 genetivi,

256 2895 311 2978 qui
333 2896 367 2960 in
387 2895 576 2979 Cypriorum
598 2899 693 2963 inser.
715 2898 813 2964 valde
834 2899 942 2965 usitati
964 2907 1047 2983 sunt,
1071 2897 1175 2966 nasaii
1198 2900 1384 2984 amplifioati

256 2992 323 3067 (eir.
347 2988 500 3075 ἆργύρων
523 3015 580 3076 pro
605 2989 737 3078 ἀργύρια
759 2995 780 3058 i.
804 3015 831 3060 e.
855 2993 1027 3081 ἀργύρου),
1050 2998 1168 3080 itaut,
1191 3018 1383 3082 quamquam

255 3087 418 3152 Arcadum
448 3095 480 3154 et
509 3088 697 3174 Cypriorum
726 3090 857 3158 dialeoti
887 3094 1044 3161 artissime
1077 3095 1267 3162 ooniunetae
1297 3099 1382 3176 sunt,

257 3183 368 3268 prrii
401 3184 461 3249 soli
495 3184 563 3251 eius
596 3185 795 3254 formationis
831 3191 981 3272 genetivo
1014 3192 1064 3257 usi
1101 3212 1171 3258 esse
1202 3192 1383 3258 videantur.
1455 3231 1459 3240 -

258 3280 337 3345 Cum
374 3281 511 3366 oyprieis
541 3282 651 3348 formis
687 3280 849 3369 ἀργύριον,
883 3293 1114 3356 Στασιποίκων
1151 3310 1233 3355 unus
1268 3310 1384 3374 prouo-

257 3378 352 3445 minis
386 3378 627 3446 demonstrativi
663 3384 831 3464 genetivus
863 3386 1028 3452 aroedious
1060 3390 1143 3452 τωνί
1176 3388 1220 3464 (in
1253 3389 1383 3469 Tegeae

255 3477 351 3542 inser.
373 3480 456 3541 αωνί
483 3482 532 3541 τοῦ
556 3474 738 3559 ἔπιζαμίω)
766 3473 943 3565 eomparari
971 3490 1086 3566 potest.
1130 3483 1283 3551 Eiusdem
1311 3505 1383 3568 pro-

256 3573 394 3640 nominis
416 3576 618 3641 aoousativus
640 3579 736 3665 soavi
757 3587 868 3662 aperte
890 3597 931 3644 ex
952 3579 1085 3647 ταν-(Μ
1106 3581 1208 3647 iaetus
1231 3588 1289 3647 est.

345 3674 394 3749 10)
425 3670 624 3758 Stirpium
645 3673 686 3737 in
702 3698 769 3740 -ev
793 3677 1036 3743 nominativi
1059 3684 1091 3746 et
1112 3679 1145 3744 in
1161 3701 1236 3755 -εος
1258 3677 1382 3761 (ἱερεύς

258 3769 331 3847 341,
354 3771 384 3849 3,
408 3767 548 3854 κουρεύς
570 3773 667 3851 341ο,
692 3773 743 3850 26,
766 3763 954 3854 ἆποδοχεύς
969 3779 1033 3840 ’331
1047 3795 1072 3856 o,
1097 3780 1127 3852 3)
1150 3777 1227 3841 etin
1250 3799 1307 3862 -ης
1330 3795 1383 3841 ex·

240 3869 345 3958 eunt.
388 3864 473 3929 illud
496 3891 516 3952 η
540 3874 589 3933 est
616 3868 687 3956 siue
715 3867 816 3963 dubio,
840 3869 925 3937 idom
949 3872 1033 3955 quod
1062 3873 1096 3937 in
1118 3873 1298 3958 Νηρη-ΐ-ς,
1328 3893 1384 3937 no-

258 3958 354 4024 minis
384 3959 516 4047 Νηρεύς
544 3964 699 4030 feminina
731 3965 849 4050 forma,
882 3967 916 4033 in
943 3965 1152 4056 Ἐρεχθη-’ἱὲς
1185 3966 1382 4053 (Ἐρεχθεύς)

258 4062 404 4140 apparet.
447 4057 518 4126 Hae
540 4061 661 4130 formae
681 4063 848 4146 leguntur:
876 4063 1010 4152 γραφῆς
1033 4069 1138 4149 338ο,
1163 4071 1259 4149 341ο,
1284 4065 1384 4152 ἱαρής
