3226 4948
294 443 357 506 386
734 463 737 470 ’
817 445 894 514 Ruga

295 622 329 687 in
361 620 507 686 omnibus
541 617 689 684 dialectis
719 617 971 684 instrumentalis
1005 636 1077 683 cum
1112 618 1266 684 ablativo
1293 621 1423 706 coaluit,

296 717 408 785 localis
435 718 470 782 in
502 716 614 798 lingna
647 716 750 781 latina
782 716 897 800 partim
928 735 998 781 cum
1027 716 1171 781 ablativo
1205 718 1320 801 partim
1350 739 1422 785 eum

296 816 446 901 genetivo
468 814 520 881 vel
544 811 654 877 dativo
677 814 940 895 coniungebatur,
971 813 1107 894 vestigia
1135 819 1243 880 tamen
1273 835 1315 882 ne
1336 836 1423 883 nunc

297 913 425 997 quidem
449 911 547 995 plane
570 917 776 976 evanuerunt.

381 1011 451 1076 Iam
474 1015 508 1073 ut
531 1006 571 1073 de
593 1008 728 1073 ablativi
750 1027 810 1072 usu
832 1026 1045 1091 exponamus,
1076 1009 1172 1074 etiam
1195 1008 1237 1074 de
1259 999 1425 1076 adverbiis

295 1107 453 1174 localibus
476 1103 705 1188 disputandum
721 1103 792 1185 erit,
814 1123 918 1187 neque
933 1125 1019 1186 vero,
1042 1107 1192 1188 quoniam
1215 1107 1422 1172 terminorum

297 1203 521 1287 temporalium
543 1221 662 1285 magna
683 1221 759 1285 pars
780 1209 868 1268 reeta
890 1203 943 1286 via
966 1222 1006 1268 ex
1029 1201 1185 1268 localibus
1207 1209 1276 1269 orta
1299 1210 1364 1285 est,
1388 1203 1422 1270 hi

296 1303 396 1386 plane
417 1300 545 1368 silentio
568 1299 734 1383 praeteriri
757 1306 900 1382 possunt.
1352 1345 1358 1360 .

381 1398 559 1481 Scriptores
580 1397 699 1463 latinos
722 1417 832 1464 omnes
853 1416 954 1480 usque
975 1395 1019 1463 ad
1041 1396 1226 1463 Terentium
1249 1399 1425 1480 perlustra·

294 1497 409 1579 vimus,
431 1496 478 1561 ita
500 1502 619 1576 tamen,
642 1500 677 1559 ut
697 1496 848 1579 exempla
866 1494 987 1562 axillis
1009 1494 1181 1578 praecipue
1196 1494 1313 1561 fabulis
1328 1495 1423 1563 Plau·

296 1594 372 1661 tinis
393 1593 608 1674 hauriremus,
639 1612 733 1675 quae
750 1599 900 1659 accurate
922 1592 1029 1660 editae
1050 1597 1140 1676 sunt,
1165 1592 1211 1658 eis
1232 1597 1355 1673 autem,
1378 1592 1424 1660 ad
1511 1629 1514 1635 ·
1560 1617 1563 1624 ·

240 1725 242 1729 >
296 1696 574 1778 quas‘apparatus
596 1689 723 1756 criticus
746 1689 854 1772 deest,
882 1711 948 1756 non
973 1692 1107 1756 multum
1136 1690 1356 1756 tribueremus.
1381 1726 1423 1769 .··

295 1789 474 1874 Librorum,
500 1809 579 1872 quos
598 1787 819 1870 adhibuimus,
846 1787 880 1853 hi
902 1787 1100 1872 potissimum
1122 1787 1310 1854 nominandi
1331 1793 1422 1854 sunt:

294 1885 551 1954 Delbruecki
573 1885 655 1951 liber
677 1882 714 1969 is,
741 1885 831 1952 cuius
852 1885 916 1952 iam
939 1905 1036 1969 supra
1057 1884 1252 1951 mentionem
1273 1884 1421 1969 fecimus;

296 1985 456 2051 Holtze:
500 1983 655 2068 syntaxis
684 1983 779 2066 prisc.
810 1980 900 2048 latin.
929 1981 1060 2066 Lipsiae
1090 1984 1188 2066 18613
1226 1983 1417 2066 Draegerz

295 2081 492 2147 Historische
515 2080 639 2165 Syntax
663 2078 692 2143 d.
716 2078 771 2144 lat.
795 2078 948 2161 Spraehe,
971 2079 1104 2162 Leipzig
1129 2082 1226 2164 1874,
1250 2081 1302 2164 qui
1327 2083 1423 2148 homo
1489 2097 1492 2104 ⁴

296 2178 409 2243 doctus
431 2176 485 2242 ubi
507 2177 549 2242 de
571 2175 710 2258 antiquis
732 2173 929 2259 temporibus
950 2177 1027 2260 agit,
1050 2179 1239 2263 plerumque
1260 2177 1421 2244 Holtzium

295 2281 421 2342 secutus
437 2280 494 2340 est.
532 2273 637 2338 Etiam
654 2293 675 2339 a
690 2273 798 2340 Brixio
821 2279 853 2341 et
867 2275 1036 2341 Lorentnio
1052 2275 1085 2340 in
1102 2275 1319 2342 Plautinarum
1333 2275 1422 2341 labu·
1442 2273 1445 2280 ⁴

294 2373 399 2438 larum
429 2370 623 2438 editionibus
651 2372 751 2437 multa
781 2392 864 2455 quae
891 2373 953 2439 huc
985 2373 1147 2456 pertinent
1176 2373 1423 2457 diligentissime

295 2471 431 2537 collecta
453 2477 535 2536 sunt.
580 2469 693 2552 Itaque
715 2488 786 2535 cum
809 2489 947 2554 magnae
969 2471 1173 2538 collectiones
1198 2471 1262 2537 iam
1284 2472 1326 2538 ab
1349 2470 1424 2537 aliis

294 2569 459 2636 conlectae
480 2567 561 2650 sint,
585 2585 646 2652 ego
668 2567 701 2632 id
724 2569 864 2634 maxime
887 2567 952 2650 egi,
976 2574 1011 2633 ut
1032 2568 1092 2634 bas
1112 2570 1313 2652 supplerem,
1336 2566 1422 2651 quod

295 2665 423 2749 quidem
446 2664 615 2747 aliquoties
638 2664 753 2730 fructui
775 2685 847 2732 esse
875 2665 1002 2750 putavi,
1031 2673 1199 2748 praeterea
1220 2667 1331 2750 paucis
1353 2671 1424 2732 tan·

295 2770 363 2830 tum
385 2763 488 2846 iisque
510 2762 709 2845 gravissimis
732 2762 890 2846 exemplis
912 2762 962 2829 usi
983 2783 1102 2829 sumus.

768 3061 893 3138 Oneum
919 3065 950 3137 Ι.

572 3229 642 3294 on
687 3229 911 3316 onsuun
953 3229 1147 3298 norun.

619 3402 646 3464 1.
677 3387 896 3474 A'blativns
918 3401 1101 3493 pluralis.

381 3535 420 3599 In
441 3534 543 3600 torma
566 3535 699 3602 ablativi
721 3537 855 3620 pluralis
874 3537 1097 3622 cognoscenda
1112 3557 1194 3621 quae
1217 3537 1421 3607 difficultates

295 3631 411 3713 insint,
439 3632 600 3699 neminem
630 3633 720 3717 fugit.
765 3635 923 3718 Equidem
946 3635 1051 3719 Boppi
1073 3635 1193 3718 (Vergl.
1217 3636 1418 3702 Grammatik

295 3731 321 3795 1.
336 3733 422 3811 485),
445 3747 539 3812 quem
562 3729 618 3795 alii
640 3731 699 3796 viri
724 3731 897 3799 doctissimi
919 3733 1020 3800 secuti
1042 3737 1125 3814 sunt,
1148 3734 1340 3800 sententiam
1362 3734 1419 3799 im·
1445 3767 1451 3778 ·

295 3825 495 3908 probandam
525 3845 595 3894 esse
624 3827 735 3913 ored03
769 3849 852 3914 nego
882 3830 967 3897 enirn
996 3830 1030 3895 in
1060 3831 1120 3896 hoc
1147 3849 1223 3897 casu
1250 3830 1418 3897 formando

295 3921 438 4004 linguam
466 3942 616 4004 graecam
645 3931 741 4008 atque
769 3928 920 4009 latinam,
949 3948 1029 4012 quas
1058 3926 1217 3994 artissime
1244 3928 1418 3995 cohaerere

235 4042 238 4046 ·
296 4017 452 4103 Georgius
475 4017 601 4088 Curtius
624 4022 677 4101 (K.
694 4024 729 4089 Z.
752 4024 801 4090 IX
823 4045 853 4091 a.
871 4029 909 4104 s.)
932 4025 1101 4110 intellexit,
1125 4046 1254 4109 prorsus
1275 4024 1361 4092 inter
1383 4045 1419 4094 se
