3218 4934
576 469 698 524 Schedae
715 470 914 536 grammaticae.
1269 463 1308 523 91

184 643 356 726 plicarunt,
385 593 500 705 mirum
526 640 561 705 in
589 638 719 704 modum
740 620 763 703 a
785 638 982 704 nominativo
1010 634 1093 719 otto,
1124 639 1179 723 qui
1201 639 1309 706 nullus

184 747 241 822 est,
264 737 398 823 protecti
420 745 502 804 sunt.
534 737 609 818 (Otr.
625 736 786 819 Welcker,
809 736 890 801 Mus.
913 735 1016 803 Rhen.
1039 740 1120 809 1848
1144 737 1199 817 VI,
1223 737 1308 814 eal.)

267 836 426 903 Paulatim
442 835 544 912 torma
558 832 632 912 υἱός
647 833 779 900 Graccis
800 840 931 917 propter
954 839 1020 900 tres
1042 835 1157 902 molles
1179 835 1309 902 vocales

183 935 319 1002 molesta
346 934 432 1000 facta
454 941 511 1000 est.
555 932 663 1011 Quare
691 932 812 1000 formae
843 929 956 998 suffixo
984 955 1051 995 -o-
1079 932 1252 999 instructae
1274 933 1309 998 in
1426 1013 1429 1018 Ι

183 1032 431 1114 frequentiorem
453 1051 544 1097 usum
567 1037 734 1096 venerunt.
772 1030 917 1094 Lacones
939 1035 1056 1111 autem,
1081 1031 1135 1113 qui
1152 1051 1169 1092 v
1186 1051 1266 1096 sono
1288 1051 1308 1094 u

182 1129 450 1213 pronuntiabant,
479 1129 573 1195 istam
601 1128 735 1192 formam
764 1127 945 1192 tuebantur.
990 1128 1109 1192 Notatn
1137 1127 1239 1210 digna
1261 1135 1310 1194 est

182 1227 249 1292 alia
277 1227 374 1306 ratio,
407 1246 502 1308 quam
530 1227 641 1307 lingua
670 1223 764 1289 trium
794 1224 922 1288 illarum
951 1225 1111 1290 vocalium
1137 1245 1309 1291 concursus

184 1322 307 1388 vitandi
336 1329 446 1388 secuta
474 1328 532 1388 est.
576 1323 614 1386 In
648 1321 773 1387 duabus
807 1320 892 1386 enim
918 1320 1196 1406 inscriptionibus,
1229 1342 1309 1406 quas

183 1419 376 1486 Welclrerns
396 1420 431 1484 in
453 1420 532 1485 Mus
557 1419 659 1484 Rhon.
687 1421 767 1483 1848
790 1419 947 1499 tractavit,
970 1425 1076 1484 exstat
1097 1415 1180 1498 viiic,

225 1550 257 1613 p.
270 1533 331 1594 393
354 1525 517 1612 deetpog
540 1527 703 1614 ἐποίησεν
730 1525 939 1612 Οὑργοτίμου
962 1531 1146 1592 ΗΥΙΗΥΣ
1165 1535 1197 1610 et

225 1647 257 1709 p.
269 1629 331 1690 394
353 1629 533 1691 ΕΥΧΕΡΣ
541 1627 814 1691 ΕΠΟΙΟΕΣΕΝ
826 1625 991 1688 ΗΟΕΡΛ
996 1625 1150 1691 ΟΤΙΜΟ
1160 1630 1196 1690 Η
1201 1629 1312 1690 ΥΙΗΣ

186 1741 224 1804 ln
253 1740 428 1824 posteriore
456 1741 549 1806 titulo
578 1739 767 1805 Welokerus
795 1737 878 1803 vidit
906 1747 979 1822 post
1005 1741 1141 1805 alterum
1166 1743 1206 1802 H
1234 1757 1310 1806 casu

183 1839 322 1921 quodam
337 1863 356 1901 v
372 1837 511 1904 litteram
527 1835 696 1903 excidisse.
726 1835 863 1920 Spiritus
879 1857 983 1919 asper,
1005 1839 1085 1903 utin
1103 1837 1310 1903 Heracleensi

177 1936 341 2002 'vocabulo
364 1934 612 2020 πενταέτηρίδα
634 1954 676 1999 ex
697 1958 718 1997 fi
740 1941 827 2000 ortus
848 1941 906 2015 cst,
930 1934 977 1999 ita
998 1935 1032 1999 in
1053 1953 1133 2000 voce
1151 1929 1225 2011 υἱῧς
1241 1955 1310 2001 exc

183 2053 334 2114 consona,
357 2051 439 2114 quae
456 2034 541 2098 inter
554 2032 683 2098 vocales
698 2052 739 2097 ex
759 2031 826 2096 iota
840 2038 918 2096 nata
941 2039 1011 2098 erat
1032 2030 1133 2110 (v-lv-
1155 2031 1189 2096 fit
1212 2030 1309 2116 v-ijo,

183 2137 218 2194 ut
232 2122 402 2215 Εὐ-άλκης
423 2127 458 2193 fit
473 2123 666 2214 Εὐβ-άλκης
688 2129 818 2210 aliaque
839 2150 871 2212 p.
888 2133 952 2211 60),
976 2135 1062 2195 ortus
1085 2148 1155 2215 esse
1169 2127 1307 2194 videtur.

183 2226 260 2303 (cn.
289 2227 512 2310 pamphylium
534 2227 728 2291 adiectiuum
747 2222 999 2310 Ἕστπε(ν)δι]ὐς
1021 2234 1053 2293 et
1075 2225 1218 2291 dativum
1242 2225 1310 2310 ijo-

185 2335 286 2406 ροῑσι,
300 2323 341 2388 de
355 2323 469 2405 quibus
480 2323 723 2404 Siegismundus
738 2322 771 2387 in
784 2322 874 2387 Stud.
885 2324 934 2388 IX
946 2345 977 2406 p.
985 2327 1025 2388 93
1039 2331 1071 2389 et
1082 2327 1123 2387 94
1138 2325 1309 2407 exposuit.)

183 2420 396 2486 Neubanerus
411 2419 540 2501 quidem
563 2420 596 2483 in
618 2438 698 2484 voce
719 2415 793 2494 υἱῦς
816 2419 979 2500 digamma
1000 2421 1034 2486 in
1056 2421 1202 2503 spiritum
1224 2426 1310 2485 tran·

184 2517 277 2582 siisse
298 2521 416 2595 censet,
439 2521 473 2579 at
493 2515 554 2579 hoc
572 2513 659 2579 unde
674 2515 808 2594 venerit,
831 2535 896 2579 non
911 2516 1024 2596 elucet,
1047 2537 1145 2598 quare
1162 2537 1235 2584 mea
1257 2537 1311 2583 ex·
1382 2517 1387 2525 '

185 2613 317 2696 plicatio
339 2612 492 2677 maiorem
515 2610 614 2675 habet
635 2611 904 2693 probabilitatem.

185 2934 257 2999 un.
292 2933 433 2998 nativi
456 2932 638 3015 prorsus
661 2931 812 2995 tertiae
835 2899 1134 2998 reclinationis
1156 2932 1196 2996 rn
1218 2955 1309 3008 -οις

643 3034 852 3094 exeuntes.

272 3165 380 3230 Dativi
395 3163 437 3246 hi,
455 3181 587 3247 quorum
602 3161 764 3245 permulta
778 3147 927 3245 exempla
942 3163 1025 3228 infre
1040 3164 1308 3246 enumerabimus,

186 3262 344 3344 quomodo
366 3260 431 3325 sint
452 3258 646 3343 explicandi,
670 3257 811 3323 nondum
835 3267 883 3326 est
906 3261 1094 3344 expositum.
1137 3261 1223 3327 Sane
1245 3281 1310 3328 me·

186 3357 337 3442 taplasmi
352 3357 385 3421 in
402 3355 483 3423 decl.
499 3357 532 3422 II
553 3375 654 3438 genus
677 3352 838 3438 quoddam
861 3377 932 3424 esse
954 3357 1193 3441 agnoscendum
1215 3379 1309 3424 unus-

186 3455 319 3538 quisque
334 3453 432 3518 videt.
468 3453 581 3534 Neque
596 3451 681 3516 enim
698 3451 856 3518 Ahrensio
873 3455 1023 3520 assentiri
1045 3474 1215 3539 possumus
1238 3474 1308 3519 eam

186 3552 288 3617 dativi
310 3550 504 3632 singularem
526 3550 660 3614 formam
684 3551 947 3632 ,septentrionali
970 3552 1124 3618 Graeciae
1146 3551 1308 3635 propriam

186 3655 219 3714 et
240 3647 457 3715 contractione
479 3646 617 3730 quadam
641 3666 658 3711 e
680 3646 824 3730 longiore
847 3645 1016 3731 ἀγώνεσσι
1037 3653 1168 3713 natam“
1191 3648 1310 3715 dicenti

186 3745 241 3828 (II,
266 3748 344 3826 231,
374 3743 401 3826 I,
424 3747 510 3821 236).
553 3743 596 3808 At
623 3743 700 3826 quid
722 3763 839 3810 causae
861 3744 972 3827 luerit,
995 3765 1050 3810 cur
1073 3745 1201 3812 dativus
1222 3746 1310 3814 solus

186 3862 291 3925 neque
313 3841 396 3910 alius
417 3841 552 3924 pluralis
574 3860 667 3907 casus
689 3877 730 3888 -
753 3842 903 3926 exempla
923 3842 1008 3907 infra
1027 3842 1129 3909 allata
1149 3842 1184 3908 id
1206 3850 1310 3911 osten·

187 3939 325 4006 dent-
345 3939 592 4023 metaplasmum
614 3937 705 4003 illum
727 3945 899 4021 pateretur,
923 3959 964 4004 ex
984 3940 1079 4006 tertia
1094 3937 1310 4008 declinatione

185 4037 257 4120 ipsa
285 4056 380 4121 posse
411 4036 556 4119 intellegi
586 4041 674 4118 puto.
720 4035 986 4104 Proficiscendum
1010 4041 1058 4103 est
1086 4055 1158 4102 mea
1180 4037 1308 4121 quidem
