3208 4928
278 450 339 512 326
570 508 573 514 ,
772 449 908 506 Schrader

276 625 539 710 septentrionalis
568 621 762 692 Germaniae
790 641 938 689 sermone
970 642 1042 688 cum
1075 626 1183 692 nostro
1217 625 1409 704 comparato

276 723 500 807 perspicimus
519 728 647 796 notum
680 740 756 788 vero
788 726 853 802 est,
888 725 1042 803 quantum
1073 719 1131 786 ille
1163 717 1330 790 vocabulis
1363 735 1410 782 ex

276 827 387 888 nostra
408 820 547 888 dialecto
570 819 714 904 repetitis
736 817 888 884 abundet
1029 815 1031 833 '

363 918 477 1000 Neque
498 924 607 982 tamen
629 914 845 981 inconstantia
865 915 924 981 illa
938 913 1061 982 vocalis
1082 921 1162 1000 ᾶεη
1186 913 1219 978 in
1241 909 1409 978 radicibus

277 1021 449 1098 conspecta
472 1033 510 1079 eo
533 1013 684 1091 ducimur,
707 1017 743 1076 ut
764 1032 847 1095 quae
868 1013 975 1096 priore
995 1011 1136 1078 maxime
1150 1011 1257 1094 capite
1278 1008 1339 1076 nisi
1362 1009 1409 1074 de

276 1112 375 1177 totius
402 1110 588 1177 mutationis
617 1119 649 1177 et
677 1110 782 1176 causis
805 1115 838 1174 et
864 1109 989 1193 origine
1010 1129 1115 1193 neque
1144 1108 1249 1174 minus
1272 1107 1313 1173 da
1335 1107 1407 1172 dia-

276 1197 432 1274 lectorum
454 1209 515 1274 bac
536 1209 570 1273 in
591 1228 627 1274 re
647 1209 730 1281 inter:
751 1227 787 1276 se
802 1208 990 1275 condicione
1006 1205 1220 1290 exposuimus,
1243 1211 1299 1270 aut
1320 1204 1410 1270 falsa

278 1312 334 1370 aut
367 1305 466 1370 dubia
498 1305 591 1372 nobis
624 1305 803 1372 videantur.
854 1305 979 1374 Licebit
1010 1304 1107 1389 igitur
1137 1303 1171 1368 in
1203 1301 1267 1370 fine
1299 1301 1407 1369 libelli
1452 1403 1455 1408 v
1581 1327 1582 1338 ¹

279 1408 438 1474 summam
457 1409 594 1474 nostrae·
609 1402 834 1487 disputationis
856 1403 908 1468 bis
929 1402 1036 1468 verbis
1058 1407 1257 1484 computare:

323 1591 328 1595 ,
363 1517 389 1582 Ι.
437 1520 465 1593 1)
500 1516 609 1582 Vocali
640 1521 662 1580 ἃ
690 1523 746 1582 aut
774 1524 903 1582 servata
931 1517 1047 1582 autin
1077 1541 1096 1602 η
1123 1523 1247 1583 mumta
1274 1515 1408 1582 dialecti

277 1634 415 1699 graecae
430 1614 511 1680 duas
526 1614 559 1679 in
581 1622 687 1698 partes
707 1614 902 1694 dividuntur,
925 1633 1057 1696 quarum
1076 1615 1180 1679 altera
1200 1614 1326 1697 aptiore
1348 1635 1408 1680 no·

277 1712 363 1779 mine
386 1712 554 1777 deficiente
576 1712 802 1791 aeolo-dorica,
825 1713 929 1777 altera
950 1711 1136 1778 lonc-attica
1158 1711 1282 1778 dieitur.

364 1813 397 1888 2)
419 1810 548 1894 Duplex
563 1810 620 1876 illa
634 1829 770 1892 graecae
785 1809 915 1892 linguae
931 1808 1046 1874 divisio
1061 1829 1126 1899 non
1138 1809 1181 1875 ad
1195 1809 1225 1875 J.
1236 1808 1407 1876 Schmidtii

278 1907 471 1973 sententiam
493 1907 645 2000 continua
666 1907 776 1990 aliqua
798 1908 919 1972 vocalis
941 1907 1156 1989 caffcorione,
1181 1905 1239 1974 sed
1261 1907 1406 1989 gentium

280 2003 480 2086 digressione
508 2004 621 2087 priscis
648 2004 845 2087 temporibus
874 2003 960 2088 iacta
981 2012 1051 2071 orta
1073 2023 1144 2070 esse
1165 2002 1323 2071 sumenda
1344 2009 1406 2068 est.

365 2104 396 2174 3)
418 2101 492 2166 Non
515 2100 590 2166 lieet
611 2120 668 2166 eas
691 2099 855 2181 dialectos,
879 2120 963 2184 quae
977 2105 998 2164 ἁ
1013 2103 1047 2166 in
1061 2102 1244 2168 universum
1262 2105 1407 2182 servant,

279 2197 326 2261 ita
349 2196 529 2279 disponere,
551 2197 640 2261 utin
663 2196 743 2262 duas
765 2205 873 2281 partes
888 2198 1060 2282 quondam,
1082 2199 1118 2264 in
1137 2199 1295 2265 aeolicum
1317 2197 1406 2264 etin

279 2292 646 2373 accumularentur
669 2294 825 2362 dicantur.
870 2297 1116 2362 Demonstrasse
1138 2296 1223 2370 enim
1245 2296 1338 2361 nobis
1359 2295 1408 2360 vi·

280 2389 392 2456 demur
415 2391 512 2458 Eleos
533 2393 747 2475 Arcadesquc‚
766 2393 915 2475 quamvis
935 2400 956 2457 ᾶ
976 2414 1034 2476 pro
1054 2417 1073 2479 η
1090 2392 1273 2477 exhibeant,
1296 2400 1406 2458 tamen

279 2505 385 2582 neque
406 2487 548 2556 aeolicae
570 2509 675 2574 neque
697 2490 825 2556 doricae
846 2490 955 2574 stirpis
977 2508 1058 2556 esse.

364 2601 407 2668 II.
446 2602 573 2670 Vooalis
588 2629 619 2690 p,
642 2624 725 2686 quae
746 2623 788 2670 ne
809 2605 852 2668 ab
869 2602 1092 2669 aeolo-doricis
1106 2603 1236 2686 quidem
1258 2603 1406 2670 dialectis

198 2780 201 2786 ¹
280 2701 410 2764 omnino
438 2700 547 2765 aliena
575 2709 638 2780 cst,
668 2701 765 2767 variis
794 2701 990 2784 temporibus
1019 2703 1052 2766 in
1080 2701 1146 2768 illis
1173 2701 1335 2784 variisque
1363 2700 1406 2767 de

280 2797 385 2864 causis
406 2803 477 2876 orta
499 2807 557 2864 est.

613 3019 650 3076 Δ.
678 3021 743 3078 ·1)c
765 3023 864 3078 causis
885 3025 1075 3082 mutationis.

367 3146 474 3230 Prisca
501 3147 598 3229 igitur
624 3149 789 3215 vocalior}
813 3151 848 3214 in
876 3149 1022 3218 dialectis
1051 3153 1277 3220 aeolo-doricis
1305 3153 1406 3220 tribus

186 3253 189 3258 '
282 3243 323 3309 de
345 3242 449 3309 causis
470 3244 505 3309 in
527 3269 546 3331 η
570 3252 692 3312 mumta
714 3255 777 3313 est:

370 3344 400 3418 1)
425 3341 536 3424 Longe
556 3342 744 3425 plerumque
758 3343 864 3411 studio
880 3345 937 3411 illo
959 3365 1095 3428 graecae
1116 3348 1246 3431 linguae
1261 3348 1406 3415 eiusdem

282 3439 409 3521 generis
440 3438 559 3506 formas
586 3441 799 3508 concinnitate
827 3443 966 3526 quadam
997 3445 1156 3510 vocalium
1190 3445 1406 3529 coniungendi

281 3536 321 3602 cf.
344 3534 468 3622 πατήρ,
492 3533 629 3620 ποιμήν,
653 3525 747 3622 ἦσαν,
770 3539 908 3626 λέγηται
930 3547 990 3606 etc.
1351 3611 1357 3621 ,

367 3636 399 3710 2)
431 3633 470 3698 ln
498 3633 660 3700 radicibus
694 3635 853 3703 interdum
883 3637 1004 3703 vocalis
1034 3663 1046 3703 ι
1073 3639 1106 3703 vi
1135 3646 1167 3705 et
1194 3640 1338 3726 pondere
1365 3638 1405 3704 ci.

282 3729 403 3815 θῆλυς,
425 3726 525 3818 ἥρως,
552 3725 631 3817 ἡμι-
652 3739 712 3798 eto.

304 3890 308 3898 ,
368 3830 399 3903 3)
421 3828 564 3894 Atthidis
585 3821 783 3896 auctoritate.

421 3927 454 4003 a)
490 3949 509 4011 η
533 3926 567 3990 ἰιι
589 3925 728 4008 ipsarum
760 3927 968 3994 dialectornm
991 3948 1171 3997 sermonem
1192 3931 1329 4016 irrepsit.
1365 3931 1406 3998 ci.

284 4014 456 4108 ἑξήκονῖα,
467 4101 469 4107 Ι
480 4019 714 4108 ἑβδομήκοντα
737 4029 796 4089 etc.
833 4109 835 4112 Ι
