3226 4948
292 466 334 522 De
351 465 462 522 ablativi
479 463 508 519 in
524 465 662 520 veteribus
680 464 778 534 lrnguis
795 465 893 520 italicis
911 464 999 519 forma
1018 470 1045 521 31
1062 481 1114 522 usu
1130 467 1220 523 locali.
1258 439 1320 526 399

281 639 352 705 VII.
384 638 553 704 Ablativus
572 656 644 703 oum
665 624 904 721 praepositione
919 639 1105 705 coniunctus
1127 657 1225 722 saepe
1247 659 1320 704 eum

194 756 287 802 usum
317 736 430 819 habet,
459 743 494 801 ut
515 734 639 818 aliquid
661 756 681 801 a
703 736 797 819 eopia
826 734 936 818 aliqua
965 734 1165 819 disiungatur
1195 736 1321 814 (Holtae

195 853 269 920 pag.
293 838 343 916 55,
371 835 457 914 1191,
492 853 576 916 quae
605 831 735 902 dicendi
763 833 844 900 ratio
873 852 893 898 a
920 833 1034 900 Plauto
1063 835 1163 900 multo
1192 833 1321 917 saepius

195 951 291 1015 quam
312 951 333 996 a
353 930 503 998 'Ferentio
526 930 715 1011 adhibetur3
737 930 907 1013 scriptores
930 950 1006 997 vero
1029 930 1183 1001 classicae
1205 931 1321 999 aetatis

195 1029 264 1096 eius
285 1048 361 1095 usus
383 1027 535 1110 reliquias
557 1034 680 1093 tantum
703 1028 911 1094 retinuerunt.

323 1164 428 1230 facere
450 1171 621 1247 sumptum·
635 1162 675 1228 de
697 1170 761 1228 tuo.
795 1162 900 1229 Plaut.
924 1163 1041 1230 Bacch.
1065 1153 1128 1231 98.

322 1261 416 1347 pauci
440 1281 482 1326 ex
504 1261 623 1327 multis.
656 1260 772 1326 Pseud.
797 1263 867 1326 390.

322 1360 410 1426 selus
434 1379 475 1425 ex
496 1359 650 1442 plurimis.
685 1359 776 1424 Most.
801 1361 872 1424 880.

322 1467 357 1522 tu
380 1473 420 1524 311
443 1456 554 1522 amicis
576 1454 671 1522 certis
693 1474 727 1521 es
750 1456 953 1523 certissimus.
988 1458 1078 1523 Trin.
1102 1461 1153 1523 94.

323 1573 418 1621 neme
441 1573 482 1620 ex
504 1552 591 1618 omni
613 1553 720 1618 Attica
741 1555 916 1621 iuventute.
951 1555 1043 1621 Most.
1068 1558 1118 1620 30.

322 1653 444 1717 iaciunt
465 1650 506 1719 de
527 1651 613 1716 malo
636 1652 807 1734 peculium.
843 1652 935 1717 Most.
960 1655 1031 1719 863.

322 1750 374 1815 113
397 1750 439 1816 de
460 1769 557 1832 grege
580 1749 677 1815 illost.
711 1751 784 1816 Ter.
807 1747 868 1813 Ad.
893 1751 964 1815 362.

279 1901 368 1966 11111.
411 1891 582 1968 Ablativus
615 1922 687 1967 eum
719 1901 960 1986 praepositione
993 1885 1180 1971 coniunctus
1208 1903 1324 1972 instru·
1408 1955 1411 1961 .

193 1999 344 2066 mentalis
367 2018 460 2066 casus
481 1999 552 2065 loco
575 1999 738 2066 adhibitus
760 1999 888 2066 videtur
910 2019 990 2068 esse.

324 2138 364 2185 ex
387 2118 501 2203 opibus
524 2119 665 2186 summis.
698 2118 764 2184 Mil.
789 2122 861 2184 620.

323 2220 445 2283 tantum
472 2217 589 2299 poterit
610 2236 631 2282 3
653 2209 813 2282 facundia.
847 2220 919 2284 Ter.
943 2218 1040 2283 Haut.
1066 2222 1114 2284 13.

324 2331 364 2378 ex
386 2332 495 2378 amore
517 2312 646 2378 insanit.
681 2315 784 2379 Plaut.
807 2315 903 2381 Merc.
928 2318 1000 2380 325.

323 2428 421 2474 sanus
443 2407 497 2474 fiet
520 2429 561 2475 ex
583 2429 621 2476 ee
644 2411 766 2477 morbo.
801 2410 881 2478 Cato
903 2433 927 2477 r.
950 2434 976 2476 r.
1003 2415 1073 2475 157.
1168 2413 1175 2420 '

322 2506 382 2572 abs
404 2511 436 2572 13
458 2505 600 2588 virgines
623 2507 739 2572 viduae
766 2515 849 2575 sunt.
883 2511 967 2574 Eun.
991 2515 1028 2574 tr.
1052 2511 1123 2572 279.

322 2601 439 2670 31311113
461 2603 503 2669 ab
527 2603 622 2670 datis.
654 2607 748 2670 True.
772 2607 814 2688 ll,
841 2613 869 2688 1,
892 2610 944 2672 30.

279 2721 422 2788 Ablativi
444 2722 509 2804 vis,
541 2721 582 2788 de
604 2743 667 2806 qua
696 2744 793 2807 supra
821 2724 1070 2810 disputavimus,
1101 2745 1175 2794 cum.
1193 2727 1256 2792 iam
1281 2746 1322 2793 ex
1390 2747 1400 2752 ·

195 2820 306 2903 lingua
327 2818 590 2902 indegermaniea
612 2821 644 2885 in
667 2822 809 2887 italicam
833 2821 1010 2904 transierit,
1040 2843 1105 2889 non
1128 2830 1178 2890 est
1206 2823 1320 2890 mirum

194 2917 279 3002 quod
301 2917 335 2982 in
358 2915 472 2983 ceteris
495 2937 621 3000 quoque
643 2918 797 3003 dialectis¹
812 2920 897 2986 idem
926 2941 1001 2987 usus
1030 2920 1195 3006 reperitur,
1226 2940 1322 3004 quam

194 3036 261 3084 rem
284 3015 449 3082 nonnullis
472 3015 630 3100 exemplis
652 3017 817 3100 probaturi
839 3038 956 3085 sumus.

283 3154 312 3228 1)
347 3151 505 3234 Lingua
530 3153 719 3218 umbrica.

241 3273 301 3346 ,3)
323 3275 476 3351 ampentu
513 3277 613 3336 133113
652 3290 725 3337 3333
758 3271 948 3356 (impendito
969 3293 1005 3340 3
1041 3273 1176 3341 dextera
1207 3279 1321 3357 parte).

194 3366 260 3432 tab.
283 3365 342 3448 111,
366 3369 416 3430 23.
440 3366 495 3448 IV,
522 3372 571 3433 15.

321 3483 419 3548 supru
434 3483 506 3531 3333
528 3466 691 3548 purtuvitu
714 3472 746 3541 (a
761 3486 878 3551 supera
892 3474 983 3552 parte
998 3468 1182 3551 polluoeto).
1216 3468 1273 3550 IV,
1290 3473 1320 3536 3.

322 3562 427 3644 persei
456 3561 591 3629 nesimei
620 3583 679 3630 333
707 3563 822 3630 deveia
852 3571 900 3632 est
927 3566 991 3648 (qui
1022 3564 1168 3648 proxime
1195 3566 1237 3631 ab
1263 3587 1322 3632 ara

196 3657 311 3724 deveia
333 3665 402 3736 est).
435 3660 489 3725 VI.
513 3681 543 3726 a.
566 3664 596 3725 9.
775 3748 776 3751 ¹

321 3756 584 3839 porseinesimei
606 3778 761 3843 vapersus
783 3761 935 3827 avieeleir
961 3768 1009 3827 est
1038 3761 1104 3843 (qui
1133 3762 1278 3844 proxime
1300 3782 1323 3828 a

193 3852 283 3921 sellis
304 3853 511 3936 auguralibus
532 3861 601 3935 est).
636 3857 700 3922 tab.
725 3857 779 3923 VI.
802 3879 831 3923 a.
857 3861 885 3924 9.

322 3951 495 4017 ahavendu
517 3953 571 4018 ria
593 3955 664 4021 ecla
685 3960 785 4022 atera.
820 3956 892 4022 Vll.
915 3976 945 4022 a.
961 3959 1011 4037 21,
1033 3956 1118 4039 quod
1140 3976 1160 4022 a
1179 3957 1322 4024 Bueche-

193 4046 261 4114 1313
276 4049 443 4132 ingeniose
466 4057 497 4116 31
519 4059 606 4118 13313
628 4072 817 4120 conversum
834 4073 906 4120 esse
923 4053 1064 4122 videtur:
1088 4057 1221 4120 33311113
1238 4057 1324 4119 omni
