3218 4934
525 455 534 468 ⁰
609 479 730 534 Schedae
747 477 947 547 grammaticae.
1047 548 1051 555 ,
1304 473 1345 534 77

219 651 411 720 sattenueti
441 651 591 734 exempla
614 657 690 716 sunt
716 650 812 716 haee:
850 647 967 715 καὸία·
997 649 1197 730 Σαλαμίνιοι
1225 643 1346 731 ὑδρίας

219 747 446 835 prouolant.
469 768 497 814 e.
521 745 643 827 κάδεα,
669 745 792 834 γήθια·
822 743 892 832 ἤθη
915 766 974 830 pro
996 742 1134 831 *πήθεα
1156 745 1346 823 (Ahrensius

220 847 264 931 ΙΙ,
287 851 329 911 54
350 845 491 929 glossam
512 845 546 912 in
568 843 683 932 γήθεα
704 844 775 912 sine
796 844 881 910 iusta
902 863 1002 912 nausa
1018 843 1154 909 mutavit
1169 841 1346 909 Sohmidtio

218 943 477 1028 eomprobante),
506 962 566 1025 neo
588 943 693 1008 minus
714 943 857 1025 glossam
877 941 960 1008 falso
982 949 1164 1027 suspectam
1186 937 1345 1026 ἐπιχήτια

220 1040 302 1115 (eod.
331 1039 502 1128 ἐπιχητία)
535 1038 636 1126 ἐνδεῆ
669 1059 727 1124 pro
756 1036 920 1126 ἒπιχήτεα
949 1037 1126 1126 (ἐπιχήτης
1148 1062 1155 1104 :
1174 1043 1278 1122 χῆτος
1303 1067 1346 1091 =

218 1136 353 1225 ψευδής
369 1161 376 1203 :
392 1137 533 1222 ψεῦδος)
557 1157 628 1205 esso
650 1136 795 1203 arbitror.
841 1137 1006 1203 Aooedunt
1028 1137 1095 1202 alia
1117 1136 1282 1218 exempla,
1312 1142 1347 1200 ut

219 1235 371 1302 oretioum
393 1232 539 1318 ψούὸια·
569 1233 685 1321 ψευδῆ
711 1235 867 1316 (Ahall,
892 1238 964 1312 187)
991 1235 1026 1299 in
1055 1235 1166 1318 glossa
1187 1233 1347 1299 Photiana

220 1340 252 1402 et
279 1332 461 1399 boeotioum
487 1338 583 1398 soora
612 1352 670 1417 pro
693 1330 750 1418 ivn
781 1331 880 1410 (Curt.
902 1333 1027 1416 lltym.⁴
1049 1352 1081 1417 p.
1103 1333 1189 1409 509).
1233 1329 1346 1397 suffixi

219 1453 286 1495 -τε
298 1452 343 1495 o·
364 1448 470 1513 pauoa
484 1428 613 1512 quidem
634 1428 693 1496 sed
715 1435 803 1496 oertu
818 1431 969 1512 exempla
984 1435 1126 1512 exstant3
1149 1435 1225 1495 sunt
1238 1434 1346 1495 autem
1461 1498 1465 1508 ,

218 1527 316 1594 haee:
340 1533 467 1611 κῆ-τος,
483 1524 610 1604 zoaros,
627 1524 777 1605 σκό-τος,
790 1532 938 1605 osni-sog,
952 1527 1081 1613 χῆ-τος,
1096 1526 1211 1609 quibus
1224 1525 1346 1593 formas

218 1629 359 1710 βρέ-τας
382 1616 413 1690 et
435 1621 555 1700 ἄλ-σος
580 1630 738 1706 cognatae
759 1622 909 1690 videntur
930 1642 1012 1690 esse.

304 1722 435 1788 Graecis
450 1741 522 1786 oum
537 1721 646 1786 formis
661 1719 811 1787 zendioas
824 1720 976 1806 ‹io-teil,
1000 1721 1138 1803 vexatio,
1157 1719 1345 1805 poro-taril-

217 1819 428 1903 impugnatio,
444 1817 662 1904 ot-ototarilm
679 1819 921 1901 obtemperatio,
937 1837 1113 1901 compares.
1139 1819 1261 1884 Notatu
1275 1817 1344 1902 dig-

218 1938 294 1984 num
316 1916 442 1982 videtur·
464 1914 611 1982 suffixum
626 1936 692 1978 -oo·
707 1915 964 1999 antiquissimum
986 1915 1146 1982 interdum
1161 1915 1226 1982 alio
1249 1917 1344 1982 modo

219 2033 290 2082 esse
306 2013 543 2098 amplifioatnm.
573 2013 625 2078 Ito
636 2012 743 2106 ⁴verba
757 2013 872 2080 suffixo
887 2036 981 2080 -νεσ-
995 2013 1133 2080 formata
1154 2033 1219 2079 non
1241 2033 1346 2099 pauoa

217 2112 436 2193 inveniuntur,
472 2108 512 2176 de
541 2109 656 2193 quibus
683 2112 717 2176 in
746 2112 956 2179 adnotatione
986 2113 1201 2197 exposuimus.
1209 2113 1232 2188 ⁴)
1276 2111 1345 2180 Neo
1406 2103 1410 2110 ’

218 2205 324 2276 minus
337 2208 485 2276 suffixum
500 2211 603 2272 -uioo-
617 2208 651 2272 in
672 2214 866 2293 μέγ-εωθος,
890 2210 1026 2276 fortasse
1041 2209 1138 2276 otiam
1153 2209 1188 2274 in
1207 2204 1345 2291 ἄχ-θος,

218 2308 374 2394 φιλῇ-θος
396 2305 457 2372 erit
478 2305 692 2376 statuendum.
727 2330 731 2334 ·

304 2402 530 2483 Quaerendum
552 2401 727 2484 igiturest,
751 2410 855 2468 utrum
879 2401 1003 2479 ἐ’σ-θος
1025 2403 1087 2468 hoo
1107 2402 1233 2486 suffixo,
1255 2403 1345 2472 ouius

218 2505 247 2566 θ
269 2501 381 2566 nativa
402 2507 451 2566 est
472 2497 629 2580 aspirata,
652 2520 695 2565 an
717 2501 774 2564 illo
796 2523 915 2566 -voo-
936 2501 978 2566 sit
999 2500 1178 2566 formatum.
1223 2501 1303 2568 Gom
1325 2525 1345 2565 τ

219 2598 347 2664 litterae
374 2601 447 2681 post
474 2595 658 2660 sibilantem
679 2597 713 2660 in
735 2598 764 2659 θ
785 2603 927 2662 mutatae
948 2603 1068 2662 eertum
1098 2597 1280 2680 exemplum
1304 2598 1345 2666 sit

220 2699 355 2774 σθένος,
378 2692 464 2776 quod
487 2712 527 2758 ex
549 2689 693 2770 *στενος
715 2692 834 2776 prodiit
856 2693 923 2771 (eir.
939 2692 1064 2759 Curtius
1083 2693 1209 2778 Etyma
1223 2715 1254 2777 p.
1271 2698 1344 2778 494,

217 2793 274 2860 ubi
287 2792 385 2859 etiam
399 2792 466 2857 alia
481 2790 648 2872 voeabula,
671 2810 754 2873 qnae
769 2790 904 2858 similam
919 2789 1129 2857 mutationem
1146 2810 1245 2874 passa
1258 2797 1344 2872 sunt,

218 2890 320 2956 habes
334 2890 481 2966 oolleota)
502 2887 628 2954 oollatis
641 2888 773 2956 vooibus
789 2886 869 2976 ἔστη
886 2894 919 2954 et
940 2885 1113 2975 ἕσθη-σις,
1137 2883 1343 2976 sirco-sonnio

218 2995 251 3055 et
273 2984 417 3074 ἒσ-θής,
439 2986 474 3051 in
496 2985 611 3069 quibus
631 2985 694 3051 ista
715 2985 849 3052 mutatio
872 2985 1013 3052 maximo
1033 2991 1140 3070 patet,
1164 2984 1290 3063 so-oog
1312 2993 1345 3054 et

217 3090 352 3169 γέσ-τια
373 3105 437 3149 uno
460 3085 638 3166 eodemque
659 3083 773 3150 suffixo
790 3102 861 3150 esse
877 3083 1016 3150 lormata
1037 3082 1244 3152 contendenti
1264 3082 1344 3149 milri

137 3205 144 3214 ·
218 3202 312 3248 nemo
334 3202 398 3246 non
421 3183 624 3247 assentietur.

305 3277 413 3360 Vides,
436 3285 555 3360 quanta
576 3279 618 3344 sit
639 3278 673 3343 in
694 3277 904 3344 substantivis
925 3297 946 3342 a
967 3276 1076 3344 radios
1097 3301 1169 3355 soc
1191 3277 1343 3344 derivatis

219 3373 402 3440 suffixorum
417 3375 567 3442 varietas.
600 3373 773 3458 Colligenti
794 3381 903 3442 autem
925 3387 965 3442 ea
986 3374 1065 3440 mihi
1085 3373 1120 3440 id
1142 3374 1342 3459 potissimum

235 3511 423 3519 ...-.—-——--

288 3594 309 3659 ⁴)
326 3590 459 3660 Exempla
476 3605 575 3659 graeco
591 3590 672 3646 huius
689 3591 782 3646 suffixi
799 3598 874 3649 sunt:
894 3591 1021 3663 ἄφ-ε-νος
1038 3596 1066 3648 et
1084 3589 1187 3662 ἄφ-νος
1204 3590 1264 3658 (nir.
1280 3588 1343 3644 nti-

219 3691 309 3745 ε-μος,
330 3670 474 3742 oin-emor),
493 3671 537 3726 cui
554 3669 657 3728 sanson.
674 3689 776 3745 opaea
793 3675 941 3741 (quaestus)
958 3675 1113 3744 respondet
1131 3671 1228 3742 γά-νος
1244 3673 1343 3742 (utrm

219 3770 246 3824 p.
267 3756 338 3820 172),
366 3748 470 3812 uri-ror,
488 3751 561 3808 unde
579 3749 739 3821 δάνεωμον,
759 3753 912 3818 δανε(σ)ι’ζω
930 3754 976 3821 fit,
999 3755 1102 3818 δῆ-νος,
1121 3750 1223 3813 ἔθ-νος,
1242 3750 1341 3823 iquos,

220 3830 318 3904 iy-roc,
340 3833 482 3902 τέμ-ε-νος.
517 3833 542 3886 Ε
564 3832 662 3902 linguis
681 3835 803 3904 cognatis
820 3835 934 3890 latinum
952 3835 1079 3908 pio-nus,
1102 3849 1205 3891 sansor.
1222 3832 1343 3904 ronnas,

218 3915 260 3970 ad.
276 3912 443 3986 qam-nortlu-
461 3912 616 3983 (splendor),
637 3913 785 3970 zaeooarilt·
804 3915 976 3984 (vigilantia),
997 3913 1188 3971 thama-nortlu-
1208 3914 1342 3982 (sanatio),

219 3994 389 4051 ‹troo-naoth·
399 3997 525 4061 (sumus),
542 3994 714 4067 pare-narth-
732 3995 872 4064 (ubertas),
888 3993 1074 4052 raelct-naot-
1091 3994 1264 4064 (sinceritas),
1281 3997 1343 4067 ras·

219 4073 306 4130 nant·
324 4075 457 4143 (heuto),
473 4074 634 4132 oarsoraot-
653 4075 775 4144 (factum)
792 4077 918 4133 annuisse
934 4076 1002 4132 satis
1020 4076 1078 4132 erit.
