<?xml version="1.0" encoding="UTF-8"?>
<!DOCTYPE html PUBLIC "-//W3C//DTD XHTML 1.0 Transitional//EN"
    "http://www.w3.org/TR/xhtml1/DTD/xhtml1-transitional.dtd">
<html xmlns="http://www.w3.org/1999/xhtml" xml:lang="en" lang="en">
 <head>
  <title>
</title>
<meta http-equiv="Content-Type" content="text/html;charset=utf-8" />
  <meta name='ocr-system' content='tesseract 3.04.00' />
  <meta name='ocr-capabilities' content='ocr_page ocr_carea ocr_par ocr_line ocrx_word'/>
</head>
<body>
  <div class='ocr_page' id='page_1' title='image "./studienzurgriec05curtgoog_0326.png"; bbox 0 0 3208 4928; ppageno 0'>
   <div class='ocr_carea' id='block_1_1' title="bbox 387 462 1317 536">
    <p class='ocr_par' dir='ltr' id='par_1_1' title="bbox 387 462 1317 536">
     <span class='ocr_line' id='line_1_1' title="bbox 387 462 1317 536; baseline 0.001 -14"><span class='ocrx_word' id='word_1_1' title='bbox 387 501 391 508; x_wconf 87' lang='lat'><strong>·</strong></span> <span class='ocrx_word' id='word_1_2' title='bbox 478 467 655 536; x_wconf 75' lang='lat' dir='ltr'>Quaestiones</span> <span class='ocrx_word' id='word_1_3' title='bbox 673 467 892 536; x_wconf 85' lang='lat' dir='ltr'>dialectologicae</span> <span class='ocrx_word' id='word_1_4' title='bbox 909 481 1030 535; x_wconf 76' lang='lat' dir='ltr'>graecae.</span> <span class='ocrx_word' id='word_1_5' title='bbox 1252 462 1317 524; x_wconf 85' lang='grc'>313</span> 
     </span>
    </p>
   </div>
   <div class='ocr_carea' id='block_1_2' title="bbox 136 637 1411 3355">
    <p class='ocr_par' dir='ltr' id='par_1_2' title="bbox 191 637 1365 1504">
     <span class='ocr_line' id='line_1_2' title="bbox 193 637 1316 724; baseline -0.002 -17"><span class='ocrx_word' id='word_1_6' title='bbox 193 646 306 724; x_wconf 89' lang='lat' dir='ltr'>perata</span> <span class='ocrx_word' id='word_1_7' title='bbox 339 637 526 706; x_wconf 79' lang='lat' dir='ltr'>Lesbiorum</span> <span class='ocrx_word' id='word_1_8' title='bbox 553 639 711 723; x_wconf 85' lang='lat' dir='ltr'>¹dialecto,</span> <span class='ocrx_word' id='word_1_9' title='bbox 747 641 781 706; x_wconf 92' lang='lat' dir='ltr'>ni</span> <span class='ocrx_word' id='word_1_10' title='bbox 810 648 894 708; x_wconf 92' lang='lat' dir='ltr'>errat</span> <span class='ocrx_word' id='word_1_11' title='bbox 922 639 1100 707; x_wconf 84' lang='lat' dir='ltr'>Abrensius</span> <span class='ocrx_word' id='word_1_12' title='bbox 1129 639 1316 717; x_wconf 90' lang='lat' dir='ltr'>(Verbandl.</span> 
     </span>
     <span class='ocr_line' id='line_1_3' title="bbox 194 736 1318 823; baseline 0.001 -21"><span class='ocrx_word' id='word_1_13' title='bbox 194 759 224 823; x_wconf 87' lang='lat' dir='ltr'>p.</span> <span class='ocrx_word' id='word_1_14' title='bbox 238 741 301 819; x_wconf 82' lang='lat'><strong>63),</strong></span> <span class='ocrx_word' id='word_1_15' title='bbox 325 755 433 802; x_wconf 92' lang='lat' dir='ltr'>eorum</span> <span class='ocrx_word' id='word_1_16' title='bbox 449 738 592 804; x_wconf 87' lang='lat' dir='ltr'>carmina</span> <span class='ocrx_word' id='word_1_17' title='bbox 606 736 787 820; x_wconf 89' lang='lat' dir='ltr'>conscripta</span> <span class='ocrx_word' id='word_1_18' title='bbox 804 743 887 805; x_wconf 91' lang='lat' dir='ltr'>sunt.</span> <span class='ocrx_word' id='word_1_19' title='bbox 922 737 1122 821; x_wconf 78' lang='lat' dir='ltr'><strong>Quamquam</strong></span> <span class='ocrx_word' id='word_1_20' title='bbox 1145 759 1187 806; x_wconf 90' lang='lat' dir='ltr'>nc</span> <span class='ocrx_word' id='word_1_21' title='bbox 1209 759 1318 806; x_wconf 90' lang='lat' dir='ltr'>eorum</span> 
     </span>
     <span class='ocr_line' id='line_1_4' title="bbox 194 833 1318 920; baseline 0.004 -21"><span class='ocrx_word' id='word_1_22' title='bbox 194 833 322 918; x_wconf 93' lang='lat' dir='ltr'>quidem</span> <span class='ocrx_word' id='word_1_23' title='bbox 356 833 464 900; x_wconf 87' lang='lat' dir='ltr'>omnia</span> <span class='ocrx_word' id='word_1_24' title='bbox 492 834 553 900; x_wconf 90' lang='lat' dir='ltr'>hac</span> <span class='ocrx_word' id='word_1_25' title='bbox 567 835 614 900; x_wconf 54' lang='lat' dir='ltr'>‘in</span> <span class='ocrx_word' id='word_1_26' title='bbox 643 855 678 902; x_wconf 89' lang='lat' dir='ltr'>re</span> <span class='ocrx_word' id='word_1_27' title='bbox 707 836 856 920; x_wconf 85' lang='lat' dir='ltr'>exempla</span> <span class='ocrx_word' id='word_1_28' title='bbox 885 837 1067 920; x_wconf 76' lang='lat' dir='ltr'>suspicione</span> <span class='ocrx_word' id='word_1_29' title='bbox 1097 854 1207 903; x_wconf 89' lang='lat' dir='ltr'>carere</span> <span class='ocrx_word' id='word_1_30' title='bbox 1240 837 1318 903; x_wconf 93' lang='lat' dir='ltr'>mihi</span> 
     </span>
     <span class='ocr_line' id='line_1_5' title="bbox 192 930 1365 1017; baseline 0.001 -20"><span class='ocrx_word' id='word_1_31' title='bbox 192 931 351 998; x_wconf 88' lang='lat' dir='ltr'>videntur.</span> <span class='ocrx_word' id='word_1_32' title='bbox 384 930 481 999; x_wconf 87' lang='lat' dir='ltr'>Velut</span> <span class='ocrx_word' id='word_1_33' title='bbox 502 937 633 1017; x_wconf 75' lang='grc' dir='ltr'><em>στῆθος</em></span> <span class='ocrx_word' id='word_1_34' title='bbox 655 933 785 1017; x_wconf 90' lang='lat' dir='ltr'>saepius</span> <span class='ocrx_word' id='word_1_35' title='bbox 807 935 840 998; x_wconf 93' lang='lat' dir='ltr'>in</span> <span class='ocrx_word' id='word_1_36' title='bbox 863 933 991 1000; x_wconf 91' lang='lat' dir='ltr'>illorum</span> <span class='ocrx_word' id='word_1_37' title='bbox 1013 933 1104 1000; x_wconf 92' lang='lat' dir='ltr'>libris</span> <span class='ocrx_word' id='word_1_38' title='bbox 1125 933 1243 1016; x_wconf 90' lang='lat' dir='ltr'>legitur</span> <span class='ocrx_word' id='word_1_39' title='bbox 1265 933 1317 1010; x_wconf 84' lang='lat' dir='ltr'>(cf.</span> <span class='ocrx_word' id='word_1_40' title='bbox 1363 1006 1365 1010; x_wconf 85' lang='lat'>.</span> 
     </span>
     <span class='ocr_line' id='line_1_6' title="bbox 192 1029 1316 1115; baseline -0.002 -16"><span class='ocrx_word' id='word_1_41' title='bbox 192 1032 314 1115; x_wconf 84' lang='lat' dir='ltr'>Sapph.</span> <span class='ocrx_word' id='word_1_42' title='bbox 331 1035 360 1114; x_wconf 98' lang='grc'><strong>2,</strong></span> <span class='ocrx_word' id='word_1_43' title='bbox 378 1033 429 1110; x_wconf 88' lang='grc'><strong>28,</strong></span> <span class='ocrx_word' id='word_1_44' title='bbox 445 1033 496 1096; x_wconf 88' lang='grc'>82.</span> <span class='ocrx_word' id='word_1_45' title='bbox 518 1029 589 1096; x_wconf 88' lang='lat' dir='ltr'>Alc.</span> <span class='ocrx_word' id='word_1_46' title='bbox 602 1033 653 1113; x_wconf 84' lang='lat'>36,</span> <span class='ocrx_word' id='word_1_47' title='bbox 669 1034 721 1113; x_wconf 92' lang='grc'><strong>42,</strong></span> <span class='ocrx_word' id='word_1_48' title='bbox 737 1035 789 1097; x_wconf 85' lang='grc'>97.</span> <span class='ocrx_word' id='word_1_49' title='bbox 811 1031 850 1097; x_wconf 89' lang='lat' dir='ltr'>cl.</span> <span class='ocrx_word' id='word_1_50' title='bbox 866 1030 959 1096; x_wconf 90' lang='lat' dir='ltr'>Pind.</span> <span class='ocrx_word' id='word_1_51' title='bbox 976 1030 996 1096; x_wconf 88' lang='lat' dir='ltr'>f.</span> <span class='ocrx_word' id='word_1_52' title='bbox 1014 1034 1086 1113; x_wconf 87' lang='grc'><strong>203,</strong></span> <span class='ocrx_word' id='word_1_53' title='bbox 1103 1034 1145 1109; x_wconf 87' lang='grc'>2).</span> <span class='ocrx_word' id='word_1_54' title='bbox 1181 1033 1316 1113; x_wconf 77' lang='lat' dir='ltr'>Tamen,</span> 
     </span>
     <span class='ocr_line' id='line_1_7' title="bbox 192 1127 1316 1213; baseline -0.001 -18"><span class='ocrx_word' id='word_1_55' title='bbox 192 1149 263 1195; x_wconf 92' lang='lat' dir='ltr'>cum</span> <span class='ocrx_word' id='word_1_56' title='bbox 292 1128 362 1196; x_wconf 88' lang='lat' dir='ltr'>sine</span> <span class='ocrx_word' id='word_1_57' title='bbox 390 1127 487 1193; x_wconf 90' lang='lat' dir='ltr'>dubio</span> <span class='ocrx_word' id='word_1_58' title='bbox 513 1129 582 1194; x_wconf 91' lang='lat' dir='ltr'>iure</span> <span class='ocrx_word' id='word_1_59' title='bbox 610 1131 753 1213; x_wconf 74' lang='grc' dir='ltr'>στῆθος,</span> <span class='ocrx_word' id='word_1_60' title='bbox 768 1127 812 1194; x_wconf 89' lang='lat' dir='ltr'>ad</span> <span class='ocrx_word' id='word_1_61' title='bbox 839 1127 980 1194; x_wconf 89' lang='lat' dir='ltr'>radicem</span> <span class='ocrx_word' id='word_1_62' title='bbox 1011 1149 1073 1193; x_wconf 83' lang='lat' dir='ltr'>cca</span> <span class='ocrx_word' id='word_1_63' title='bbox 1099 1127 1316 1195; x_wconf 91' lang='lat' dir='ltr'>reducendum</span> 
     </span>
     <span class='ocr_line' id='line_1_8' title="bbox 192 1225 1317 1311; baseline 0.001 -19"><span class='ocrx_word' id='word_1_64' title='bbox 192 1227 234 1293; x_wconf 86' lang='lat' dir='ltr'>sit</span> <span class='ocrx_word' id='word_1_65' title='bbox 256 1225 295 1292; x_wconf 88' lang='lat' dir='ltr'>cf.</span> <span class='ocrx_word' id='word_1_66' title='bbox 315 1225 452 1307; x_wconf 85' lang='lat' dir='ltr'>Ourtius,</span> <span class='ocrx_word' id='word_1_67' title='bbox 475 1229 589 1310; x_wconf 77' lang='lat' dir='ltr'>etym.⁴</span> <span class='ocrx_word' id='word_1_68' title='bbox 611 1229 684 1306; x_wconf 88' lang='grc'><strong>211,</strong></span> <span class='ocrx_word' id='word_1_69' title='bbox 708 1225 830 1292; x_wconf 88' lang='lat' dir='ltr'>vocalis</span> <span class='ocrx_word' id='word_1_70' title='bbox 846 1249 864 1311; x_wconf 84' lang='grc' dir='ltr'>η</span> <span class='ocrx_word' id='word_1_71' title='bbox 882 1245 953 1291; x_wconf 91' lang='lat' dir='ltr'>cum</span> <span class='ocrx_word' id='word_1_72' title='bbox 976 1245 1014 1292; x_wconf 89' lang='lat' dir='ltr'>eo</span> <span class='ocrx_word' id='word_1_73' title='bbox 1036 1226 1317 1293; x_wconf 86' lang='lat' dir='ltr'>vehementissime</span> 
     </span>
     <span class='ocr_line' id='line_1_9' title="bbox 192 1321 1317 1409; baseline -0.001 -19"><span class='ocrx_word' id='word_1_74' title='bbox 192 1331 324 1409; x_wconf 80' lang='lat' dir='ltr'>pugnat,</span> <span class='ocrx_word' id='word_1_75' title='bbox 347 1322 434 1407; x_wconf 89' lang='lat' dir='ltr'>quod</span> <span class='ocrx_word' id='word_1_76' title='bbox 449 1321 578 1389; x_wconf 80' lang='lat' dir='ltr'>dialecti</span> <span class='ocrx_word' id='word_1_77' title='bbox 593 1322 829 1390; x_wconf 87' lang='lat' dir='ltr'>aeolo-doricae</span> <span class='ocrx_word' id='word_1_78' title='bbox 844 1345 866 1386; x_wconf 91' lang='grc' dir='ltr'><strong><em>α</em></strong></span> <span class='ocrx_word' id='word_1_79' title='bbox 881 1323 998 1390; x_wconf 78' lang='lat' dir='ltr'>radicis</span> <span class='ocrx_word' id='word_1_80' title='bbox 1016 1345 1078 1398; x_wconf 77' lang='lat' dir='ltr'>ccc</span> <span class='ocrx_word' id='word_1_81' title='bbox 1100 1343 1225 1390; x_wconf 90' lang='lat' dir='ltr'>summa</span> <span class='ocrx_word' id='word_1_82' title='bbox 1246 1343 1317 1389; x_wconf 90' lang='lat' dir='ltr'>oum</span> 
     </span>
     <span class='ocr_line' id='line_1_10' title="bbox 191 1417 1126 1504; baseline 0 -18"><span class='ocrx_word' id='word_1_83' title='bbox 191 1420 373 1487; x_wconf 89' lang='lat' dir='ltr'>constantia</span> <span class='ocrx_word' id='word_1_84' title='bbox 394 1427 525 1488; x_wconf 88' lang='lat' dir='ltr'>servant</span> <span class='ocrx_word' id='word_1_85' title='bbox 545 1419 607 1498; x_wconf 57' lang='lat' dir='ltr'>(cis</span> <span class='ocrx_word' id='word_1_86' title='bbox 620 1418 744 1499; x_wconf 79' lang='grc' dir='ltr'><strong>στάσω,</strong></span> <span class='ocrx_word' id='word_1_87' title='bbox 768 1419 882 1500; x_wconf 69' lang='lat' dir='ltr'>crolle,</span> <span class='ocrx_word' id='word_1_88' title='bbox 906 1417 1126 1504; x_wconf 77' lang='grc' dir='ltr'><strong>ἕπιστάμων).</strong></span> 
     </span>
    </p>

    <p class='ocr_par' dir='ltr' id='par_1_3' title="bbox 136 1517 1317 2286">
     <span class='ocr_line' id='line_1_11' title="bbox 276 1517 1317 1602; baseline 0.001 -18"><span class='ocrx_word' id='word_1_89' title='bbox 276 1519 416 1602; x_wconf 77' lang='lat' dir='ltr'>Egregia</span> <span class='ocrx_word' id='word_1_90' title='bbox 439 1518 577 1602; x_wconf 90' lang='lat' dir='ltr'>denique</span> <span class='ocrx_word' id='word_1_91' title='bbox 593 1517 724 1585; x_wconf 82' lang='lat' dir='ltr'>Doridis</span> <span class='ocrx_word' id='word_1_92' title='bbox 745 1517 929 1584; x_wconf 88' lang='lat' dir='ltr'>testimonia</span> <span class='ocrx_word' id='word_1_93' title='bbox 944 1518 1179 1602; x_wconf 83' lang='lat' dir='ltr'>Epicharmi</span> <span class='ocrx_word' id='word_1_94' title='bbox 1202 1519 1317 1602; x_wconf 86' lang='lat' dir='ltr'>poetae</span> 
     </span>
     <span class='ocr_line' id='line_1_12' title="bbox 193 1615 1315 1702; baseline -0.003 -19"><span class='ocrx_word' id='word_1_95' title='bbox 193 1624 225 1683; x_wconf 89' lang='lat' dir='ltr'>et</span> <span class='ocrx_word' id='word_1_96' title='bbox 254 1617 481 1702; x_wconf 84' lang='lat' dir='ltr'>Sophronis</span> <span class='ocrx_word' id='word_1_97' title='bbox 510 1615 722 1700; x_wconf 82' lang='lat' dir='ltr'>mimographi</span> <span class='ocrx_word' id='word_1_98' title='bbox 751 1615 906 1698; x_wconf 84' lang='lat' dir='ltr'>reliquiae</span> <span class='ocrx_word' id='word_1_99' title='bbox 933 1621 1023 1700; x_wconf 84' lang='lat' dir='ltr'>sunt3</span> <span class='ocrx_word' id='word_1_100' title='bbox 1052 1623 1199 1682; x_wconf 86' lang='lat' dir='ltr'>accurate</span> <span class='ocrx_word' id='word_1_101' title='bbox 1229 1617 1315 1682; x_wconf 88' lang='lat' dir='ltr'>enim</span> 
     </span>
     <span class='ocr_line' id='line_1_13' title="bbox 191 1713 1315 1799; baseline 0 -21"><span class='ocrx_word' id='word_1_102' title='bbox 191 1714 239 1779; x_wconf 93' lang='lat' dir='ltr'>illi</span> <span class='ocrx_word' id='word_1_103' title='bbox 255 1715 527 1799; x_wconf 83' lang='lat' dir='ltr'>Syracusanorum</span> <span class='ocrx_word' id='word_1_104' title='bbox 552 1713 722 1779; x_wconf 88' lang='lat' dir='ltr'>dialectum</span> <span class='ocrx_word' id='word_1_105' title='bbox 739 1720 963 1796; x_wconf 80' lang='lat' dir='ltr'>expresserunt</span> <span class='ocrx_word' id='word_1_106' title='bbox 982 1733 1087 1798; x_wconf 88' lang='lat' dir='ltr'>neque</span> <span class='ocrx_word' id='word_1_107' title='bbox 1102 1733 1209 1780; x_wconf 90' lang='lat' dir='ltr'>eornm</span> <span class='ocrx_word' id='word_1_108' title='bbox 1232 1713 1315 1796; x_wconf 92' lang='lat' dir='ltr'>libri,</span> 
     </span>
     <span class='ocr_line' id='line_1_14' title="bbox 191 1811 1317 1896; baseline -0.002 -18"><span class='ocrx_word' id='word_1_109' title='bbox 191 1813 219 1878; x_wconf 92' lang='lat' dir='ltr'>si</span> <span class='ocrx_word' id='word_1_110' title='bbox 241 1813 343 1879; x_wconf 89' lang='lat' dir='ltr'>solam</span> <span class='ocrx_word' id='word_1_111' title='bbox 367 1811 539 1879; x_wconf 89' lang='lat' dir='ltr'>dialectum</span> <span class='ocrx_word' id='word_1_112' title='bbox 562 1817 699 1895; x_wconf 87' lang='lat' dir='ltr'>spectas,</span> <span class='ocrx_word' id='word_1_113' title='bbox 722 1811 924 1877; x_wconf 89' lang='lat' dir='ltr'>librariorum</span> <span class='ocrx_word' id='word_1_114' title='bbox 946 1812 1041 1895; x_wconf 90' lang='lat' dir='ltr'>culpa</span> <span class='ocrx_word' id='word_1_115' title='bbox 1058 1812 1156 1879; x_wconf 89' lang='lat' dir='ltr'>valde</span> <span class='ocrx_word' id='word_1_116' title='bbox 1177 1812 1317 1896; x_wconf 89' lang='lat' dir='ltr'>corrupti</span> 
     </span>
     <span class='ocr_line' id='line_1_15' title="bbox 190 1906 1317 1990; baseline -0.001 -15"><span class='ocrx_word' id='word_1_117' title='bbox 190 1915 273 1976; x_wconf 89' lang='lat' dir='ltr'>sunt.</span> <span class='ocrx_word' id='word_1_118' title='bbox 313 1908 352 1975; x_wconf 87' lang='lat' dir='ltr'>ol.</span> <span class='ocrx_word' id='word_1_119' title='bbox 376 1909 504 1975; x_wconf 84' lang='lat' dir='ltr'>Abrens</span> <span class='ocrx_word' id='word_1_120' title='bbox 531 1909 564 1973; x_wconf 93' lang='lat' dir='ltr'>II</span> <span class='ocrx_word' id='word_1_121' title='bbox 587 1912 638 1974; x_wconf 92' lang='grc'>22.</span> <span class='ocrx_word' id='word_1_122' title='bbox 683 1906 884 1990; x_wconf 83' lang='lat' dir='ltr'>Quamquam</span> <span class='ocrx_word' id='word_1_123' title='bbox 912 1909 945 1973; x_wconf 95' lang='lat' dir='ltr'>in</span> <span class='ocrx_word' id='word_1_124' title='bbox 976 1909 1158 1976; x_wconf 92' lang='lat' dir='ltr'>nominibus</span> <span class='ocrx_word' id='word_1_125' title='bbox 1186 1909 1252 1976; x_wconf 94' lang='lat' dir='ltr'>illis</span> <span class='ocrx_word' id='word_1_126' title='bbox 1281 1915 1317 1974; x_wconf 94' lang='lat' dir='ltr'>ut</span> 
     </span>
     <span class='ocr_line' id='line_1_16' title="bbox 191 2001 1315 2093; baseline -0.001 -22"><span class='ocrx_word' id='word_1_127' title='bbox 191 2001 362 2093; x_wconf 75' lang='grc' dir='ltr'><em>ἀλφησταί</em></span> <span class='ocrx_word' id='word_1_128' title='bbox 378 2006 490 2090; x_wconf 80' lang='lat' dir='ltr'>Epich.</span> <span class='ocrx_word' id='word_1_129' title='bbox 507 2009 559 2072; x_wconf 87' lang='grc'>28.</span> <span class='ocrx_word' id='word_1_130' title='bbox 581 2005 762 2089; x_wconf 69' lang='grc'><strong>8111111122.</strong></span> <span class='ocrx_word' id='word_1_131' title='bbox 798 2005 980 2090; x_wconf 64' lang='lat' dir='ltr'>apsidatas</span> <span class='ocrx_word' id='word_1_132' title='bbox 996 2007 1107 2091; x_wconf 82' lang='lat' dir='ltr'>Epioh.</span> <span class='ocrx_word' id='word_1_133' title='bbox 1125 2009 1176 2073; x_wconf 96' lang='grc'>23.</span> <span class='ocrx_word' id='word_1_134' title='bbox 1207 2011 1315 2093; x_wconf 76' lang='grc' dir='ltr'><strong><em>σηπία</em></strong></span> 
     </span>
     <span class='ocr_line' id='line_1_17' title="bbox 136 2100 1316 2189; baseline 0.002 -21"><span class='ocrx_word' id='word_1_135' title='bbox 136 2107 138 2118; x_wconf 83' lang='grc'>’</span> <span class='ocrx_word' id='word_1_136' title='bbox 190 2103 302 2187; x_wconf 82' lang='lat' dir='ltr'>Epich.</span> <span class='ocrx_word' id='word_1_137' title='bbox 327 2107 378 2170; x_wconf 90' lang='grc'>33.</span> <span class='ocrx_word' id='word_1_138' title='bbox 410 2107 461 2169; x_wconf 86' lang='grc'>63.</span> <span class='ocrx_word' id='word_1_139' title='bbox 499 2100 613 2189; x_wconf 66' lang='lat' dir='ltr'>cridae</span> <span class='ocrx_word' id='word_1_140' title='bbox 641 2103 754 2186; x_wconf 78' lang='lat' dir='ltr'>llpich.</span> <span class='ocrx_word' id='word_1_141' title='bbox 784 2107 841 2186; x_wconf 90' lang='grc'>23,</span> <span class='ocrx_word' id='word_1_142' title='bbox 871 2102 942 2186; x_wconf 89' lang='lat' dir='ltr'>quis</span> <span class='ocrx_word' id='word_1_143' title='bbox 971 2111 1021 2170; x_wconf 88' lang='lat' dir='ltr'>est</span> <span class='ocrx_word' id='word_1_144' title='bbox 1048 2108 1102 2186; x_wconf 93' lang='lat' dir='ltr'>qui</span> <span class='ocrx_word' id='word_1_145' title='bbox 1132 2107 1209 2172; x_wconf 88' lang='lat' dir='ltr'>certi</span> <span class='ocrx_word' id='word_1_146' title='bbox 1239 2103 1316 2189; x_wconf 90' lang='lat' dir='ltr'>quid</span> 
     </span>
     <span class='ocr_line' id='line_1_18' title="bbox 186 2200 1087 2286; baseline 0.002 -21"><span class='ocrx_word' id='word_1_147' title='bbox 186 2200 332 2283; x_wconf 87' lang='lat' dir='ltr'>proferre</span> <span class='ocrx_word' id='word_1_148' title='bbox 354 2201 465 2284; x_wconf 86' lang='lat' dir='ltr'>possit,</span> <span class='ocrx_word' id='word_1_149' title='bbox 489 2200 575 2266; x_wconf 89' lang='lat' dir='ltr'>unde</span> <span class='ocrx_word' id='word_1_150' title='bbox 597 2201 740 2267; x_wconf 88' lang='lat' dir='ltr'>vocalem</span> <span class='ocrx_word' id='word_1_151' title='bbox 764 2224 783 2286; x_wconf 82' lang='grc' dir='ltr'><em>η</em></span> <span class='ocrx_word' id='word_1_152' title='bbox 807 2201 1014 2285; x_wconf 80' lang='lat' dir='ltr'>acceperint?</span> <span class='ocrx_word' id='word_1_153' title='bbox 1082 2249 1087 2252; x_wconf 91' lang='lat'>-</span> 
     </span>
    </p>

    <p class='ocr_par' dir='ltr' id='par_1_4' title="bbox 189 2297 1411 2673">
     <span class='ocr_line' id='line_1_19' title="bbox 275 2297 1314 2388; baseline 0.003 -26"><span class='ocrx_word' id='word_1_154' title='bbox 275 2298 314 2362; x_wconf 92' lang='lat' dir='ltr'>ln</span> <span class='ocrx_word' id='word_1_155' title='bbox 342 2297 400 2362; x_wconf 86' lang='lat' dir='ltr'>tali</span> <span class='ocrx_word' id='word_1_156' title='bbox 428 2317 532 2364; x_wconf 89' lang='lat' dir='ltr'>rerum</span> <span class='ocrx_word' id='word_1_157' title='bbox 562 2303 646 2362; x_wconf 88' lang='lat' dir='ltr'>statu</span> <span class='ocrx_word' id='word_1_158' title='bbox 675 2297 736 2388; x_wconf 88' lang='lat' dir='ltr'>hoc</span> <span class='ocrx_word' id='word_1_159' title='bbox 765 2305 892 2380; x_wconf 90' lang='lat' dir='ltr'>praeter</span> <span class='ocrx_word' id='word_1_160' title='bbox 914 2299 1156 2368; x_wconf 87' lang='lat' dir='ltr'>caeteranohis</span> <span class='ocrx_word' id='word_1_161' title='bbox 1179 2307 1314 2382; x_wconf 87' lang='lat' dir='ltr'>constat,</span> 
     </span>
     <span class='ocr_line' id='line_1_20' title="bbox 192 2393 1317 2480; baseline 0.004 -22"><span class='ocrx_word' id='word_1_162' title='bbox 192 2393 219 2458; x_wconf 89' lang='lat' dir='ltr'>si</span> <span class='ocrx_word' id='word_1_163' title='bbox 236 2393 357 2460; x_wconf 88' lang='lat' dir='ltr'>vocalis</span> <span class='ocrx_word' id='word_1_164' title='bbox 379 2397 401 2457; x_wconf 83' lang='grc' dir='ltr'><strong><em>ᾶ</em></strong></span> <span class='ocrx_word' id='word_1_165' title='bbox 423 2393 458 2460; x_wconf 91' lang='lat' dir='ltr'>in</span> <span class='ocrx_word' id='word_1_166' title='bbox 473 2417 493 2480; x_wconf 82' lang='grc' dir='ltr'><em>η</em></span> <span class='ocrx_word' id='word_1_167' title='bbox 509 2393 696 2459; x_wconf 88' lang='lat' dir='ltr'>mutationis</span> <span class='ocrx_word' id='word_1_168' title='bbox 717 2394 751 2457; x_wconf 93' lang='lat' dir='ltr'>in</span> <span class='ocrx_word' id='word_1_169' title='bbox 773 2394 935 2462; x_wconf 87' lang='lat' dir='ltr'>radicibus</span> <span class='ocrx_word' id='word_1_170' title='bbox 957 2397 1185 2462; x_wconf 89' lang='lat' dir='ltr'>vocabulorum</span> <span class='ocrx_word' id='word_1_171' title='bbox 1201 2398 1317 2463; x_wconf 88' lang='lat' dir='ltr'>obviae</span> 
     </span>
     <span class='ocr_line' id='line_1_21' title="bbox 189 2491 1316 2578; baseline 0.001 -21"><span class='ocrx_word' id='word_1_172' title='bbox 189 2498 294 2557; x_wconf 87' lang='lat' dir='ltr'>certas</span> <span class='ocrx_word' id='word_1_173' title='bbox 308 2491 436 2574; x_wconf 87' lang='lat' dir='ltr'>regulas</span> <span class='ocrx_word' id='word_1_174' title='bbox 451 2497 484 2556; x_wconf 88' lang='lat' dir='ltr'>et</span> <span class='ocrx_word' id='word_1_175' title='bbox 505 2509 633 2566; x_wconf 90' lang='lat' dir='ltr'>normas</span> <span class='ocrx_word' id='word_1_176' title='bbox 655 2509 848 2573; x_wconf 81' lang='lat' dir='ltr'>cognoscere</span> <span class='ocrx_word' id='word_1_177' title='bbox 870 2491 974 2573; x_wconf 92' lang='lat' dir='ltr'>liceat,</span> <span class='ocrx_word' id='word_1_178' title='bbox 998 2509 1054 2558; x_wconf 92' lang='lat' dir='ltr'>eas</span> <span class='ocrx_word' id='word_1_179' title='bbox 1075 2495 1116 2559; x_wconf 91' lang='lat' dir='ltr'>ab</span> <span class='ocrx_word' id='word_1_180' title='bbox 1138 2493 1316 2578; x_wconf 89' lang='lat' dir='ltr'>inscriptio·</span> 
     </span>
     <span class='ocr_line' id='line_1_22' title="bbox 190 2586 1411 2673; baseline 0.004 -20"><span class='ocrx_word' id='word_1_181' title='bbox 190 2609 276 2669; x_wconf 92' lang='lat' dir='ltr'>num,</span> <span class='ocrx_word' id='word_1_182' title='bbox 299 2608 364 2653; x_wconf 92' lang='lat' dir='ltr'>non</span> <span class='ocrx_word' id='word_1_183' title='bbox 386 2587 538 2653; x_wconf 88' lang='lat' dir='ltr'>librorum</span> <span class='ocrx_word' id='word_1_184' title='bbox 562 2586 627 2652; x_wconf 88' lang='lat' dir='ltr'>hac.</span> <span class='ocrx_word' id='word_1_185' title='bbox 644 2587 678 2651; x_wconf 94' lang='lat' dir='ltr'>in</span> <span class='ocrx_word' id='word_1_186' title='bbox 699 2607 735 2654; x_wconf 90' lang='lat' dir='ltr'>re</span> <span class='ocrx_word' id='word_1_187' title='bbox 758 2587 940 2671; x_wconf 87' lang='lat' dir='ltr'>cognitione</span> <span class='ocrx_word' id='word_1_188' title='bbox 962 2607 1034 2656; x_wconf 89' lang='lat' dir='ltr'>esse</span> <span class='ocrx_word' id='word_1_189' title='bbox 1056 2591 1221 2673; x_wconf 89' lang='lat' dir='ltr'>petendas.</span> <span class='ocrx_word' id='word_1_190' title='bbox 1408 2667 1411 2673; x_wconf 38' lang='grc'><strong>,</strong></span> 
     </span>
    </p>

    <p class='ocr_par' dir='ltr' id='par_1_5' title="bbox 188 2684 1316 3355">
     <span class='ocr_line' id='line_1_23' title="bbox 275 2684 1315 2774; baseline 0.005 -24"><span class='ocrx_word' id='word_1_191' title='bbox 275 2684 381 2765; x_wconf 81' lang='lat' dir='ltr'>Quare</span> <span class='ocrx_word' id='word_1_192' title='bbox 402 2685 539 2768; x_wconf 90' lang='lat' dir='ltr'>primum</span> <span class='ocrx_word' id='word_1_193' title='bbox 562 2704 604 2751; x_wconf 86' lang='lat' dir='ltr'>ex</span> <span class='ocrx_word' id='word_1_194' title='bbox 625 2685 727 2750; x_wconf 86' lang='lat' dir='ltr'>titulis</span> <span class='ocrx_word' id='word_1_195' title='bbox 749 2685 941 2774; x_wconf 74' lang='lat' dir='ltr'>vocabulap</span> <span class='ocrx_word' id='word_1_196' title='bbox 960 2685 1146 2754; x_wconf 82' lang='lat' dir='ltr'>exhibentia</span> <span class='ocrx_word' id='word_1_197' title='bbox 1167 2691 1315 2756; x_wconf 86' lang='lat' dir='ltr'>&#39;accurate</span> 
     </span>
     <span class='ocr_line' id='line_1_24' title="bbox 188 2781 1316 2866; baseline 0.003 -18"><span class='ocrx_word' id='word_1_198' title='bbox 188 2783 376 2866; x_wconf 82' lang='lat' dir='ltr'>collegimus</span> <span class='ocrx_word' id='word_1_199' title='bbox 398 2789 495 2865; x_wconf 90' lang='lat' dir='ltr'>atque</span> <span class='ocrx_word' id='word_1_200' title='bbox 517 2789 553 2848; x_wconf 94' lang='lat' dir='ltr'>ut</span> <span class='ocrx_word' id='word_1_201' title='bbox 573 2789 720 2864; x_wconf 90' lang='lat' dir='ltr'>apertum</span> <span class='ocrx_word' id='word_1_202' title='bbox 743 2781 807 2864; x_wconf 89' lang='lat' dir='ltr'>fiat,</span> <span class='ocrx_word' id='word_1_203' title='bbox 831 2790 984 2866; x_wconf 90' lang='lat' dir='ltr'>quantum</span> <span class='ocrx_word' id='word_1_204' title='bbox 1006 2783 1106 2850; x_wconf 90' lang='lat' dir='ltr'>bisin</span> <span class='ocrx_word' id='word_1_205' title='bbox 1124 2785 1219 2852; x_wconf 89' lang='lat' dir='ltr'>rebus</span> <span class='ocrx_word' id='word_1_206' title='bbox 1241 2783 1316 2851; x_wconf 91' lang='lat' dir='ltr'>libri</span> 
     </span>
     <span class='ocr_line' id='line_1_25' title="bbox 189 2880 1313 2965; baseline 0.002 -19"><span class='ocrx_word' id='word_1_207' title='bbox 189 2899 260 2946; x_wconf 90' lang='lat' dir='ltr'>oum</span> <span class='ocrx_word' id='word_1_208' title='bbox 282 2881 385 2946; x_wconf 89' lang='lat' dir='ltr'>titulis</span> <span class='ocrx_word' id='word_1_209' title='bbox 406 2881 526 2947; x_wconf 88' lang='lat' dir='ltr'>iaciant</span> <span class='ocrx_word' id='word_1_210' title='bbox 547 2887 603 2946; x_wconf 89' lang='lat' dir='ltr'>aut</span> <span class='ocrx_word' id='word_1_211' title='bbox 623 2880 806 2964; x_wconf 87' lang='lat' dir='ltr'>discrepent</span> <span class='ocrx_word' id='word_1_212' title='bbox 826 2881 868 2946; x_wconf 89' lang='lat' dir='ltr'>ab</span> <span class='ocrx_word' id='word_1_213' title='bbox 880 2881 940 2961; x_wconf 31' lang='lat' dir='ltr'>iiis,</span> <span class='ocrx_word' id='word_1_214' title='bbox 965 2881 1135 2965; x_wconf 89' lang='lat' dir='ltr'>unicuique</span> <span class='ocrx_word' id='word_1_215' title='bbox 1156 2882 1313 2963; x_wconf 71' lang='lat' dir='ltr'>,vocabulo</span> 
     </span>
     <span class='ocr_line' id='line_1_26' title="bbox 188 2976 1315 3061; baseline 0.002 -18"><span class='ocrx_word' id='word_1_216' title='bbox 188 2977 339 3044; x_wconf 91' lang='lat' dir='ltr'>librorum</span> <span class='ocrx_word' id='word_1_217' title='bbox 356 2979 452 3060; x_wconf 86' lang='lat' dir='ltr'>locos,</span> <span class='ocrx_word' id='word_1_218' title='bbox 476 2979 590 3061; x_wconf 88' lang='lat' dir='ltr'>quibus</span> <span class='ocrx_word' id='word_1_219' title='bbox 611 2979 746 3061; x_wconf 88' lang='lat' dir='ltr'>legatur,</span> <span class='ocrx_word' id='word_1_220' title='bbox 758 2976 962 3044; x_wconf 82' lang='lat' dir='ltr'>addidimus.</span> <span class='ocrx_word' id='word_1_221' title='bbox 993 2979 1159 3046; x_wconf 87' lang='lat' dir='ltr'>Bucolicos</span> <span class='ocrx_word' id='word_1_222' title='bbox 1174 2980 1315 3047; x_wconf 88' lang='lat' dir='ltr'>Pseudo·</span> 
     </span>
     <span class='ocr_line' id='line_1_27' title="bbox 188 3074 1315 3160; baseline 0.001 -18"><span class='ocrx_word' id='word_1_223' title='bbox 188 3077 467 3160; x_wconf 86' lang='lat' dir='ltr'>pythagoreosque</span> <span class='ocrx_word' id='word_1_224' title='bbox 497 3082 529 3144; x_wconf 92' lang='lat' dir='ltr'>et</span> <span class='ocrx_word' id='word_1_225' title='bbox 557 3075 744 3160; x_wconf 90' lang='lat' dir='ltr'>scriptorum</span> <span class='ocrx_word' id='word_1_226' title='bbox 768 3074 956 3143; x_wconf 84' lang='lat' dir='ltr'>artificiosas</span> <span class='ocrx_word' id='word_1_227' title='bbox 978 3075 1185 3143; x_wconf 89' lang='lat' dir='ltr'>dialectorum</span> <span class='ocrx_word' id='word_1_228' title='bbox 1211 3077 1315 3144; x_wconf 88' lang='lat' dir='ltr'>imita-</span> 
     </span>
     <span class='ocr_line' id='line_1_28' title="bbox 188 3173 1314 3256; baseline 0.005 -20"><span class='ocrx_word' id='word_1_229' title='bbox 188 3173 292 3239; x_wconf 85' lang='lat' dir='ltr'>tiones</span> <span class='ocrx_word' id='word_1_230' title='bbox 307 3193 379 3240; x_wconf 90' lang='lat' dir='ltr'>raro</span> <span class='ocrx_word' id='word_1_231' title='bbox 395 3175 586 3254; x_wconf 86' lang='lat' dir='ltr'>curavimus,</span> <span class='ocrx_word' id='word_1_232' title='bbox 608 3193 651 3240; x_wconf 85' lang='lat' dir='ltr'>ex</span> <span class='ocrx_word' id='word_1_233' title='bbox 671 3173 809 3256; x_wconf 88' lang='lat' dir='ltr'>propriis</span> <span class='ocrx_word' id='word_1_234' title='bbox 830 3173 1014 3241; x_wconf 91' lang='lat' dir='ltr'>nominihus</span> <span class='ocrx_word' id='word_1_235' title='bbox 1029 3193 1069 3241; x_wconf 90' lang='lat' dir='ltr'>ea</span> <span class='ocrx_word' id='word_1_236' title='bbox 1090 3180 1213 3241; x_wconf 88' lang='lat' dir='ltr'>tantum</span> <span class='ocrx_word' id='word_1_237' title='bbox 1227 3195 1314 3242; x_wconf 88' lang='lat' dir='ltr'>reee-</span> 
     </span>
     <span class='ocr_line' id='line_1_29' title="bbox 189 3269 1312 3355; baseline 0.004 -23"><span class='ocrx_word' id='word_1_238' title='bbox 189 3269 302 3353; x_wconf 89' lang='lat' dir='ltr'>pimus,</span> <span class='ocrx_word' id='word_1_239' title='bbox 326 3289 458 3352; x_wconf 92' lang='lat' dir='ltr'>quorum</span> <span class='ocrx_word' id='word_1_240' title='bbox 481 3279 537 3336; x_wconf 91' lang='lat' dir='ltr'>aut</span> <span class='ocrx_word' id='word_1_241' title='bbox 551 3291 627 3336; x_wconf 88' lang='lat' dir='ltr'>usus</span> <span class='ocrx_word' id='word_1_242' title='bbox 645 3269 919 3352; x_wconf 88' lang='lat' dir='ltr'>frequentissimus</span> <span class='ocrx_word' id='word_1_243' title='bbox 934 3278 990 3338; x_wconf 90' lang='lat' dir='ltr'>aut</span> <span class='ocrx_word' id='word_1_244' title='bbox 1005 3272 1093 3355; x_wconf 93' lang='lat' dir='ltr'>origo</span> <span class='ocrx_word' id='word_1_245' title='bbox 1116 3281 1204 3338; x_wconf 89' lang='lat' dir='ltr'>certa</span> <span class='ocrx_word' id='word_1_246' title='bbox 1219 3279 1312 3340; x_wconf 88' lang='lat' dir='ltr'>esset.</span> 
     </span>
    </p>
   </div>
   <div class='ocr_carea' id='block_1_3' title="bbox 636 3490 798 3568">
    <p class='ocr_par' dir='ltr' id='par_1_6' title="bbox 636 3490 798 3568">
     <span class='ocr_line' id='line_1_30' title="bbox 636 3490 798 3568; baseline 0 -15"><span class='ocrx_word' id='word_1_247' title='bbox 636 3523 638 3528; x_wconf 78' lang='lat'><em>.</em></span> <span class='ocrx_word' id='word_1_248' title='bbox 706 3490 798 3568; x_wconf 72' lang='lat' dir='ltr'>ars.</span> 
     </span>
    </p>
   </div>
   <div class='ocr_carea' id='block_1_4' title="bbox 187 3599 1312 3807">
    <p class='ocr_par' dir='ltr' id='par_1_7' title="bbox 187 3599 1312 3807">
     <span class='ocr_line' id='line_1_31' title="bbox 274 3599 1312 3708; baseline 0.003 -18"><span class='ocrx_word' id='word_1_249' title='bbox 274 3621 362 3690; x_wconf 87' lang='lat' dir='ltr'>Haec</span> <span class='ocrx_word' id='word_1_250' title='bbox 394 3628 500 3688; x_wconf 89' lang='lat' dir='ltr'>autem</span> <span class='ocrx_word' id='word_1_251' title='bbox 537 3599 696 3689; x_wconf 87' lang='lat' dir='ltr'>vocabula</span> <span class='ocrx_word' id='word_1_252' title='bbox 727 3625 761 3690; x_wconf 92' lang='lat' dir='ltr'>in</span> <span class='ocrx_word' id='word_1_253' title='bbox 796 3623 1056 3708; x_wconf 90' lang='lat' dir='ltr'>inscriptionibus</span> <span class='ocrx_word' id='word_1_254' title='bbox 1088 3624 1312 3693; x_wconf 89' lang='lat' dir='ltr'>aeolo-doricis</span> 
     </span>
     <span class='ocr_line' id='line_1_32' title="bbox 187 3718 567 3807; baseline 0.003 -22"><span class='ocrx_word' id='word_1_255' title='bbox 187 3719 332 3786; x_wconf 83' lang='lat' dir='ltr'>vocalem</span> <span class='ocrx_word' id='word_1_256' title='bbox 355 3745 375 3807; x_wconf 84' lang='grc' dir='ltr'><em>η</em></span> <span class='ocrx_word' id='word_1_257' title='bbox 398 3718 567 3786; x_wconf 88' lang='lat' dir='ltr'>exhibent:</span> 
     </span>
    </p>
   </div>
   <div class='ocr_carea' id='block_1_5' title="bbox 132 3844 1311 4134">
    <p class='ocr_par' dir='ltr' id='par_1_8' title="bbox 132 3844 1311 4134">
     <span class='ocr_line' id='line_1_33' title="bbox 210 3844 829 3940; baseline 0.01 -28"><span class='ocrx_word' id='word_1_258' title='bbox 210 3938 212 3940; x_wconf 15' lang='grc' dir='ltr'>Ι</span> <span class='ocrx_word' id='word_1_259' title='bbox 275 3854 304 3925; x_wconf 77' lang='lat' dir='ltr'>ll</span> <span class='ocrx_word' id='word_1_260' title='bbox 342 3844 426 3936; x_wconf 78' lang='grc' dir='ltr'>ἀνήρ</span> <span class='ocrx_word' id='word_1_261' title='bbox 449 3850 488 3917; x_wconf 85' lang='lat' dir='ltr'>ei.</span> <span class='ocrx_word' id='word_1_262' title='bbox 512 3853 532 3933; x_wconf 65' lang='grc' dir='ltr'>ξ</span> <span class='ocrx_word' id='word_1_263' title='bbox 555 3853 573 3915; x_wconf 82' lang='grc'><strong>7</strong></span> <span class='ocrx_word' id='word_1_264' title='bbox 597 3871 629 3935; x_wconf 88' lang='lat' dir='ltr'>p.</span> <span class='ocrx_word' id='word_1_265' title='bbox 653 3855 724 3918; x_wconf 80' lang='lat'><strong>290.</strong></span> <span class='ocrx_word' id='word_1_266' title='bbox 823 3861 829 3864; x_wconf 79' lang='grc'><strong><em>’</em></strong></span> 
     </span>
     <span class='ocr_line' id='line_1_34' title="bbox 132 3943 1311 4036; baseline 0.006 -25"><span class='ocrx_word' id='word_1_267' title='bbox 132 3947 139 3962; x_wconf 89' lang='lat'><em>&#39;</em></span> <span class='ocrx_word' id='word_1_268' title='bbox 232 3983 242 3992; x_wconf 84' lang='lat'><em>-</em></span> <span class='ocrx_word' id='word_1_269' title='bbox 273 3949 304 4025; x_wconf 89' lang='grc'>2)</span> <span class='ocrx_word' id='word_1_270' title='bbox 341 3943 491 4034; x_wconf 76' lang='grc' dir='ltr'><em>ἄσχημον</em></span> <span class='ocrx_word' id='word_1_271' title='bbox 513 3967 608 4016; x_wconf 87' lang='lat' dir='ltr'>mess.</span> <span class='ocrx_word' id='word_1_272' title='bbox 631 3949 707 4015; x_wconf 92' lang='lat' dir='ltr'>and.</span> <span class='ocrx_word' id='word_1_273' title='bbox 731 3953 760 4014; x_wconf 86' lang='grc'>4.</span> <span class='ocrx_word' id='word_1_274' title='bbox 802 3944 1017 4036; x_wconf 79' lang='grc' dir='ltr'><em>εὐσχημόνως</em></span> <span class='ocrx_word' id='word_1_275' title='bbox 1043 3968 1138 4016; x_wconf 85' lang='lat' dir='ltr'>mess.</span> <span class='ocrx_word' id='word_1_276' title='bbox 1160 3950 1235 4018; x_wconf 91' lang='lat' dir='ltr'>and.</span> <span class='ocrx_word' id='word_1_277' title='bbox 1259 3956 1311 4018; x_wconf 92' lang='grc'>43.</span> 
     </span>
     <span class='ocr_line' id='line_1_35' title="bbox 338 4045 924 4134; baseline 0.002 -23"><span class='ocrx_word' id='word_1_278' title='bbox 338 4046 377 4111; x_wconf 82' lang='lat' dir='ltr'>el.</span> <span class='ocrx_word' id='word_1_279' title='bbox 400 4050 631 4134; x_wconf 80' lang='grc' dir='ltr'><em>παρείσχημαι</em></span> <span class='ocrx_word' id='word_1_280' title='bbox 654 4045 688 4114; x_wconf 83' lang='lat' dir='ltr'>G.</span> <span class='ocrx_word' id='word_1_281' title='bbox 712 4046 738 4113; x_wconf 95' lang='grc' dir='ltr'>Ι.</span> <span class='ocrx_word' id='word_1_282' title='bbox 761 4066 808 4132; x_wconf 84' lang='lat' dir='ltr'>gr.</span> <span class='ocrx_word' id='word_1_283' title='bbox 832 4049 924 4112; x_wconf 85' lang='grc'><strong>5491.</strong></span> 
     </span>
    </p>
   </div>
   <div class='ocr_carea' id='block_1_6' title="bbox 0 0 1608 4928">
    <p class='ocr_par' dir='ltr' id='par_1_9' title="bbox 0 0 1608 4928">
     <span class='ocr_line' id='line_1_36' title="bbox 0 0 1608 4928; baseline 0 1"><span class='ocrx_word' id='word_1_284' title='bbox 0 0 1608 4928; x_wconf 95' lang='lat' dir='ltr'> </span> 
     </span>
    </p>
   </div>
  </div>
 </body>
</html>
