3208 4928
496 477 671 544 QuaestIones
690 477 910 546 dialectologieae
927 491 1048 544 graecae.
1218 473 1220 482 '
1273 474 1333 535 ‘267

208 673 264 718 eas
286 647 416 717 vocales
439 675 469 737 η,
493 651 609 734 quibus
631 670 704 716 cum
726 650 873 718 dialectis
894 651 1118 718 aeolo-doricis
1141 651 1247 733 iaciat,
1270 673 1334 717 una

209 770 279 816 eum
300 749 367 814 illis
390 749 556 831 delapsam
578 768 659 816 esse.

294 849 360 913 Res
382 847 487 930 igitir,
514 847 541 912 si
564 847 640 930 quid
662 848 738 929 seio,
761 846 841 912 haec
862 845 936 912 luit:
966 845 1138 912 Primum
1168 867 1212 914 eo
1240 853 1335 913 tem·

208 953 321 1030 pore‘,
351 965 424 1028 quo
454 952 593 1028 gentes
622 963 754 1011 omnes
776 964 852 1009 una
875 943 931 1019 (ol.
954 949 972 1022 ξ
995 948 1026 1016 4)
1053 951 1224 1028 excepta
1245 965 1335 1012 con-

209 1044 371 1109 iunctae
392 1043 497 1108 inter
518 1062 559 1108 se
580 1043 786 1128 vixerunt,
816 1042 936 1108 certis
959 1048 995 1112 et
1017 1042 1056 1106 in
1079 1043 1214 1109 formis
1237 1048 1275 1109 et
1295 1043 1334 1107 in

210 1141 421 1206 radicibus
450 1145 471 1203 ᾶ
495 1141 571 1226 inq
601 1146 795 1205 mutatum
824 1147 881 1206 est.
925 1140 994 1205 Hoc
1017 1140 1131 1222 quibus
1160 1140 1202 1206 de
1229 1140 1335 1206 causis
1362 1135 1364 1139 ’

209 1239 250 1304 sit
278 1239 396 1304 lactum
429 1257 534 1321 neque
566 1238 688 1320 minus,
721 1243 825 1302 utrum
856 1237 978 1303 vocalis
1006 1262 1025 1324 η
1055 1238 1174 1320 ubique
1202 1239 1236 1304 in
1264 1238 1334 1322 ipso

208 1356 324 1420 graeco
346 1356 493 1402 sermone
515 1343 593 1401 nata
614 1355 657 1400 an
679 1354 720 1401 ex
742 1353 866 1400 summa
887 1335 1048 1401 interdum
1066 1336 1257 1419 antiquitate
1272 1357 1336 1403 ser·
1358 1335 1362 1346 ’

208 1441 284 1499 vata
313 1454 384 1501 esse
412 1433 575 1513 videatur,
604 1432 688 1497 infra
714 1451 912 1515 quaeremus.
958 1433 1118 1500 Deinde
1145 1453 1239 1499 vero
1268 1437 1336 1499 At·

208 1533 280 1596 tici
302 1532 349 1597 ab
370 1533 546 1614 reliquis
567 1531 752 1613 separati
774 1530 814 1593 in
837 1530 910 1595 hac
928 1531 1155 1596 mutatione
1171 1532 1335 1614 longius

209 1629 436 1713 progressi,
460 1629 508 1694 ab
530 1627 701 1694 Ionibus
724 1627 845 1693 etiam
869 1628 1054 1711 superati
1077 1635 1178 1694 sunt.

735 1829 809 1908 54.

292 1957 335 2022 At
355 1956 451 2021 Elea
472 1954 629 2021 dialectus
644 1960 711 2019 tota
725 1954 793 2020 lere
808 1955 850 2019 ab
873 1955 935 2020 bac
956 1956 1162 2033 mutatione²)
1185 1957 1334 2022 abstinet.

292 2053 441 2121 Concedo
456 2073 525 2120 rem
539 2053 618 2120 satis
635 2051 797 2119 difficilem
813 2073 885 2120 esse
899 2052 942 2119 ad
958 2053 1205 2137 expediendum,
1226 2060 1335 2120 tamen
1387 2114 1389 2118 .

208 2152 370 2220 enucleari
393 2159 465 2218 eam
487 2170 583 2234 posse
605 2150 740 2216 confido.
777 2151 885 2233 Atque
906 2157 941 2216 ut
962 2152 1004 2218 ab
1027 2151 1119 2217 initio
1138 2146 1243 2218 libere
1265 2172 1336 2218 sen·

207 2251 341 2316 tentiam
364 2269 468 2314 meam
491 2248 652 2332 profitear,
675 2248 743 2313 veri
766 2249 962 2314 simillimum
985 2250 1064 2315 mihi
1079 2248 1206 2317 videtur
1220 2250 1335 2316 Eleam

184 2377 187 2382 ·
207 2353 336 2429 gentem
365 2346 407 2411 ab
437 2346 568 2427 reliquis
597 2345 662 2410 iam
685 2344 861 2427 digressam
883 2346 997 2428 luisse,
1028 2368 1098 2412 cum
1121 2347 1254 2413 mutatio
1276 2348 1336 2413 illa

207 2445 241 2509 in
267 2443 377 2525 lingua
406 2449 562 2526 oreretnr;
591 2460 695 2523 neque
719 2443 803 2508 enim
826 2444 957 2509 dialecti
980 2446 1159 2527 proprietas
1181 2463 1252 2508 cum
1275 2445 1335 2510 bae

208 2547 331 2625 pugnat
360 2539 520 2607 sententia
548 2545 581 2604 et
603 2541 704 2612 Eleae
731 2540 821 2624 genti
850 2561 871 2606 a
899 2542 1060 2608 veteribus
1090 2560 1233 2606 summae
1254 2540 1335 2605 anti-

210 2639 342 2722 quitatis
370 2638 442 2703 laus
471 2636 630 2703 tribuitur.
681 2638 799 2704 Nescio
827 2637 924 2721 igitur
951 2659 994 2705 an
1026 2643 1113 2704 recte
1145 2636 1334 2703 iudIeaverit

207 2737 385 2803 Ahrensius
401 2735 490 2815 (dial.
507 2735 523 2799 Ι
539 2736 628 2812 231):
652 2736 809 2818 „Propius
825 2737 910 2802 enim
924 2736 1010 2815 (elea
1026 2735 1193 2813 dialectos)
1210 2734 1334 2801 accedit

207 2834 250 2900 ad
279 2834 428 2900 Doricam
462 2838 494 2899 et
525 2832 718 2899 Laconicam
751 2834 891 2900 maxime
923 2832 1113 2912 dialectum,
1147 2833 1193 2898 ita
1226 2839 1335 2899 tamen

207 2939 243 2997 ut
274 2933 394 3016 optimo
426 2932 494 2999 iure
526 2931 697 3014 peculiaris
735 2931 893 2998 dialectus
929 2951 993 2996 non
1031 2931 1160 2996 derinae
1193 2930 1334 2996 varietas

207 3030 367 3114 quaedam
389 3029 578 3097 habeatur.“

276 3198 297 3262 ²)
315 3196 376 3252 Scio
394 3211 455 3252 ease
472 3197 518 3266 qui
536 3197 655 3252 eleorum
676 3197 818 3251 tltulorum
839 3195 941 3251 formas
963 3195 1036 3260 illas,
1061 3210 1132 3264 qnae
1150 3199 1167 3248 ᾶ
1184 3211 1234 3264 pro
1254 3215 1268 3259 η
1288 3210 1333 3249 ex-

208 3277 315 3344 hibent,
338 3276 463 3330 nlmirum
481 3275 553 3344 quod
577 3293 638 3330 cum
662 3276 773 3344 reliquis
792 3277 915 3331 dialectis
937 3279 1070 3345 pugnant,
1094 3276 1245 3331 recentiore
1266 3281 1333 3330 tem-
1377 3297 1378 3300 ¹

208 3372 275 3426 pore
300 3372 394 3410 rursus
419 3376 434 3419 η
460 3356 488 3410 ln
504 3361 531 3416 ,ᾶ
557 3362 677 3411 mutasse
703 3356 870 3410 arbitrentur
894 3355 985 3424 itaque
1012 3354 1089 3410 nihili
1117 3351 1228 3410 faciant.
1273 3357 1333 3423 Ego

207 3435 331 3506 improbo
355 3451 448 3491 eorum
470 3437 616 3504 rationem3
640 3451 803 3505 magnopere
826 3436 907 3491 hudo
931 3437 984 3491 hac
1007 3435 1036 3490 ln
1057 3449 1088 3488 re
1111 3435 1136 3490 J.
1156 3434 1334 3490 Schmidtinm

209 3517 255 3582 (cf.
274 3518 307 3571 K.
320 3517 351 3572 Z.
370 3515 462 3571 XXIII
475 3521 544 3582 374).
579 3516 669 3586 Atque
686 3515 808 3585 singulae
825 3516 928 3572 formae
946 3533 995 3572 suo
1014 3531 1135 3585 quaeque
1152 3516 1213 3571 loco
1232 3519 1334 3571 tracta-

208 3599 323 3665 buntur,
347 3597 392 3652 hic
415 3613 498 3651 unum
519 3597 667 3652 monuerim
691 3597 831 3652 titulorum
848 3612 960 3652 numero
977 3596 1006 3650 in
1023 3597 1079 3652 dies
1099 3601 1237 3651 crescente
1255 3597 1334 3652 valde

209 3679 288 3734 nobis
306 3693 364 3733 esse
383 3679 541 3742 cavendum,
566 3692 601 3731 ne
617 3683 718 3732 temere
736 3678 881 3749 quidquam
898 3679 926 3732 in
943 3677 975 3731 iis
994 3692 1027 3731 ex
1044 3692 1149 3732 summa
1172 3677 1334 3747 antiquitate

209 3765 344 3814 servatum
368 3774 427 3814 esse
450 3773 584 3827 negemus.
620 3757 685 3826 Quis
709 3759 780 3813 enim
802 3759 917 3814 formam
939 3758 1013 3813 illam
1040 3757 1177 3828 cypricum
1210 3757 1331 3818 destrae,

211 3840 270 3908 quia
287 3839 508 3895 Heracleensium
526 3836 748 3908 πρασσόντασσι,
766 3839 826 3908 qula
845 3839 1013 3894 Cretensium
1031 3833 1210 3909 πρειγευτάνς
1226 3840 1256 3894 in
1273 3839 1334 3910 ipsa

208 3935 308 3986 graeca
324 3919 417 3988 lingua
433 3923 571 3988 repertum
587 3918 622 3972 iri
645 3920 791 3988 sperabat?
826 3921 885 3990 quis
902 3925 944 3976 tot
960 3921 1032 3974 alia?
1067 3919 1157 3988 Quare
1179 3919 1209 3974 in
1225 3925 1333 3990 tempus

209 4001 264 4053 veri
287 3999 453 4068 grammatIci
475 3999 540 4054 mibi
560 4014 622 4054 esse
641 3999 747 4054 ridetur
768 3999 841 4055 dicto
867 4000 907 4054 illi
928 3999 1110 4055 Herodiani
1138 4001 1332 4071 obtemperare,

210 4094 263 4147 quo
281 4095 330 4134 nos
348 4080 422 4144 „ripa
439 4079 596 4151 παράδοσιν
613 4075 733 4149 εὐμενῶς
750 4080 972 4150 προςδέχεσθαι“
989 4082 1073 4136 iubet.
