3194 4936
299 463 340 524 62
798 467 930 522 Baunaek

298 638 489 722 praeteritis,
512 640 558 704 uti
580 639 717 704 Romani
738 659 830 712 -mus,
856 639 1036 721 utebantur,
1059 639 1104 704 ita
1126 645 1161 705 ut
1182 659 1267 705 nune
1290 640 1425 705 Dorien-

297 733 378 799 sium
409 727 539 819 propria
570 736 669 802 fuisse
701 735 858 801 videatur.
912 737 1035 802 Iones
1067 743 1173 803 autem
1208 742 1240 801 et
1272 737 1424 803 Aeoles

296 831 432 898 alteram
454 858 543 914 -μεν,
572 833 708 899 sortasse
737 852 777 898 ex
804 832 994 899 secundaria
1021 831 1122 915 *-με,
1152 852 1271 898 sauser.
1294 854 1374 906 -mu,
1405 857 1422 898 ν

297 929 514 1015 epheleystieo
530 930 656 996 adiecto
672 935 773 995 ortam
790 930 857 1008 (eir.
874 927 1056 1013 ὁό-ντω-ν),
1080 951 1137 1014 pro
1156 931 1309 1014 primaria
1324 931 1421 997 etiam

295 1028 329 1092 iu
358 1027 537 1110 praesentis
558 1026 726 1092 indieativi
750 1028 992 1094 terminationes
1013 1047 1116 1110 aeque
1137 1047 1176 1094 ao
1198 1028 1422 1094 secundariam

297 1123 402 1189 dualis
432 1147 507 1188 -τον
535 1131 724 1207 receperunt
752 1144 853 1206 eaque
881 1131 1011 1208 reeepta
1038 1149 1117 1207 -μες
1149 1127 1246 1210 plane
1274 1124 1424 1209 repudia·

295 1229 420 1286 verunt

381 1320 533 1386 Extremo
549 1319 619 1385 looo
635 1317 907 1384 commemorarim
924 1317 1021 1384 etiam
1037 1318 1218 1400 linguam
1233 1319 1420 1402 latinam,

295 1415 345 1481 oui
369 1435 479 1484 omnes
502 1414 607 1482 dualis
635 1415 877 1481 terminationes
900 1415 1013 1483 deesse
1035 1414 1194 1496 videntur,
1223 1422 1332 1484 tamen
1361 1417 1421 1481 ior·

295 1522 382 1580 tasse
409 1534 506 1579 unam
529 1513 756 1580 asservavisse.
803 1511 898 1577 Cuius
926 1513 1057 1595 linguae
1086 1512 1305 1578 seeundum
1333 1514 1422 1596 plu-

294 1611 394 1678 ralis
423 1611 463 1676 in
492 1613 566 1673 -te'e
596 1616 811 1677 exeuntem
841 1609 948 1675 nihil
977 1609 1091 1676 aliud
1120 1609 1200 1675 nisi
1228 1609 1422 1692 indeger·

294 1711 492 1776 manieam
523 1707 657 1774 dualis
693 1707 1025 1774 terminationem
1058 1717 1141 1770 -tus
1171 1727 1260 1774 esse
1295 1727 1421 1772 summa

293 1827 364 1872 eum
386 1806 615 1889 probabilitate
637 1803 811 1870 eonieeisse
834 1802 913 1868 mihi
931 1802 1052 1869 videor.
1089 1805 1238 1887 Namque
1259 1805 1287 1870 si
1310 1824 1423 1871 seeun-

294 1904 356 1970 dae
383 1920 542 1986 personae
573 1902 708 1984 pluralis
738 1899 995 1966 temninationem
1026 1901 1137 1984 lingua
1161 1900 1318 1967 sanserita
1340 1901 1418 1972 -ttu,

293 1999 428 2066 uendiea
456 1998 525 2061 -ttu
548 2004 580 2063 et
608 2006 671 2071 -ta,
703 2016 820 2080 graeca
849 2020 919 2076 -ae,
949 1997 1071 2063 slaviea
1092 2007 1154 2071 -te‚
1185 1997 1340 2063 lituaniea
1363 2007 1419 2076 -te,

293 2095 398 2178 gotioa
426 2095 490 2168 -tlz,
521 2093 691 2176 exhibent,
722 2094 909 2178 principalis
940 2095 1033 2160 huius
1056 2093 1289 2161 terminationis
1317 2093 1420 2160 forma

293 2192 439 2277 putanda
467 2191 546 2256 mihi
573 2190 700 2256 videtur
728 2201 790 2270 -tu,
824 2191 941 2273 quique
970 2191 1105 2256 latinam
1136 2193 1192 2253 -a'r
1219 2192 1240 2255 i.
1271 2211 1299 2258 e.
1329 2189 1421 2253 *aas

293 2290 433 2355 omnium
462 2289 598 2354 aliarum
627 2286 807 2370 linguarum
836 2288 1115 2354 terminationibus
1137 2288 1344 2355 vetustiorem
1368 2308 1421 2354 ea·

291 2406 425 2469 rumque
447 2385 537 2468 quasi
560 2384 803 2451 fundamentum
820 2405 890 2450 esse
913 2393 1054 2467 eensent,
1077 2383 1272 2467 persuadere
1287 2385 1322 2450 id
1339 2385 1419 2451 mibi

291 2503 356 2549 non
379 2489 521 2567 pessunt.
558 2481 707 2564 Aeeedit,
731 2482 815 2564 quod
838 2501 879 2547 ne
902 2482 1005 2547 latina
1027 2481 1155 2564 quidem
1178 2481 1298 2565 lingua,
1322 2503 1419 2566 quam
1516 2541 1518 2544 .

290 2581 323 2646 in
347 2579 489 2648 seeunda
511 2580 646 2664 pluralis
667 2599 807 2663 persona
829 2577 1055 2646 terminatione
1071 2578 1176 2645 dualis
1199 2579 1325 2645 numeri
1346 2599 1420 2662 pre·

289 2679 360 2762 pria
375 2679 421 2743 uti
438 2677 585 2760 equidem
601 2683 688 2760 puto,
712 2678 854 2760 genuina
867 2677 926 2741 illa
940 2696 978 2740 ao
993 2676 1192 2758 primigenia,
1212 2695 1276 2757 qua
1290 2681 1419 2744 eeterae

290 2777 421 2859 linguae
450 2781 590 2856 utuntur,
627 2775 762 2855 pluralis
791 2773 1016 2838 terminatione
1045 2773 1141 2856 plane
1170 2779 1219 2839 est
1247 2773 1419 2840 destituta:

289 2893 365 2938 nam
388 2892 460 2937 eum
483 2871 677 2950 Graecorum
701 2865 797 2933 ἒσ-τέ
825 2868 892 2947 (etr.
916 2887 975 2932 ser.
1000 2869 1139 2946 [ub-mu)
1168 2874 1200 2935 et
1222 2867 1316 2936 'eb-ae
1349 2871 1417 2950 (eir.

289 2987 349 3033 sor.
367 2968 485 3044 [uis-te)
501 2964 634 3032 eaedem
649 2965 713 3030 sint
734 2963 865 3044 formae,
889 2965 1104 3030 Romanorum
1125 2965 1334 3048 imperativus
1354 2978 1421 3030 este

288 3062 370 3128 iilud
397 3072 446 3125 -ta
474 3062 627 3128 exhibere
656 3060 818 3144 putandus
847 3067 912 3142 est,
944 3079 1045 3144 eoque
1073 3061 1198 3128 faeilius
1226 3064 1316 3126 ee-trb
1345 3082 1418 3129 eum

289 3178 409 3226 sanser.
426 3158 569 3236 [ab-thoe
591 3158 673 3236 (ttae
688 3178 745 3241 pre
762 3168 811 3220 tes
825 3164 860 3221 ut
874 3157 908 3221 in
924 3176 986 3222 see.
1007 3158 1050 3240 pi.
1069 3157 1121 3220 tiu
1137 3179 1193 3242 pro
1210 3161 1264 3238 tu),
1288 3162 1419 3222 uma-tie

288 3278 360 3322 eum
382 3275 502 3322 sanson.
525 3254 711 3318 otene-ttae
733 3254 912 3338 comparari
935 3260 1077 3336 possunt.
1115 3255 1159 3320 Ut
1180 3255 1276 3337 igitur
1299 3277 1339 3322 ex
1360 3254 1415 3340 αρ’-

288 3357 393 3427 e-eas,
423 3349 582 3435 e'y-e-yrg
611 3353 657 3418 ita
685 3370 725 3417 ex
753 3344 915 3434 ap-a-ttar
944 3350 999 3414 lat.
1022 3351 1145 3433 opt-ue
1173 3352 1241 3426 (cfr.
1264 3353 1417 3440 buliu-pus

288 3458 320 3518 et
340 3448 537 3526 πολλά-κις)
561 3448 678 3514 iaetum
695 3467 765 3514 esse
788 3454 873 3531 puto,
899 3446 1024 3512 etiamsi
1046 3448 1140 3513 eertis
1163 3451 1360 3530 argumentis
1382 3451 1418 3516 id

288 3547 501 3616 demonstrari
524 3566 588 3610 non
611 3564 706 3627 posse
729 3543 879 3608 eoueedo.
1049 3537 1051 3541 ’
