3226 4948
276 503 280 516 ,
321 444 384 508 354,
782 529 788 536 „
837 443 929 513 Spiess

322 623 417 702 (quae
432 625 480 686 est
495 613 666 696 ἄνθεισα),
687 615 755 698 sed,
773 617 902 683 sirecte
919 612 1053 698 legatur,
1070 614 1231 683 Laconica
1245 615 1400 684 videatur
1420 617 1484 684 ad

322 724 498 785 ceterorum
520 715 756 798 participiorum
778 714 962 796 analogiam
978 719 1181 794 commutata,
1206 713 1326 789 debeas
1350 735 1394 782 ex
1425 735 1480 782 ea

322 814 482 898 conjicere
504 810 655 890 ἐνθιῖσα,
677 832 754 878 noni
766 809 924 878 ἐνθέωσα
941 812 1103 876 Laconum
1119 810 1228 878 luisse.
1243 847 1286 859 -
1302 836 1337 878 εε
1356 819 1392 878 et
1408 837 1477 878 εει

323 912 435 990 (adult.
460 908 597 994 diphth.)
620 914 799 975 contractas
817 908 990 976 ostendunt
1004 926 1115 973 omnes
1137 909 1269 990 formae,
1293 928 1379 992 qnae
1403 930 1477 976 ex-

322 1015 402 1076 tant.
426 1008 464 1073 cf.
483 1009 503 1086 §
519 1009 548 1071 7.
584 1005 658 1070 Non
678 1013 849 1088 supersunt
864 1006 1013 1089 exempla
1035 1003 1260 1100 declinationis
1275 1007 1473 1090 nominum,

322 1112 358 1170 ut
384 1100 539 1188 τριήρεες
559 1102 695 1186 Lysistr.
721 1106 790 1168 172.
822 1139 859 1149 -
891 1123 1000 1169 scum
1025 1104 1167 1184 genuina
1195 1103 1401 1188 diphthongo
1431 1129 1472 1170 ει

324 1202 411 1286 apud
440 1219 551 1266 omnes
576 1202 679 1266 Dor-es
706 1196 740 1266 in
764 1224 795 1265 ει
817 1201 982 1266 coalescit:
1021 1198 1212 1266 ἐπανθεῖ
1239 1221 1315 1285 pap.
1340 1206 1371 1266 2.
1399 1205 1470 1286 ¹93

325 1296 536 1381 oivtstpap.
554 1302 582 1362 3.
601 1302 656 1380 113
679 1297 989 1381 inccueipap.3.
1010 1301 1064 1380 135
1087 1299 1350 1384 appst(?)pap.
1368 1303 1402 1364 3.
1421 1303 1471 1382 93

317 1399 429 1484 ¹soluta
449 1396 551 1461 forma
573 1396 672 1462 semel
695 1395 829 1461 occurrit
857 1395 890 1459 in
920 1414 1045 1480 papyro
1076 1393 1234 1475 δοκέει,
1264 1397 1321 1462 sed
1350 1397 1400 1462 ita
1423 1406 1469 1462 ut

326 1520 375 1562 εει
402 1513 500 1559 unam
529 1492 688 1577 syllabam
716 1492 812 1558 iaciat
834 1495 862 1558 2.
889 1497 938 1556 11.
975 1528 1014 1540 -
1047 1515 1086 1557 εα
1115 1492 1147 1558 in
1174 1494 1468 1561 terminationibus

324 1593 438 1659 tertiae
468 1589 691 1656 declinationis
719 1591 761 1655 ab
790 1589 1021 1672 antiquioribus
1049 1589 1260 1656 Doriensibus
1288 1611 1354 1657 non
1383 1613 1466 1659 esse

325 1695 499 1769 contracta,
522 1687 649 1754 Ahrens
670 1687 764 1752 bonis
786 1687 982 1770 argumentis
998 1685 1212 1770 demonstrat3
1236 1687 1279 1753 ad
1302 1692 1466 1773 exempla

325 1788 367 1854 ab
389 1787 447 1852 illc
469 1786 571 1851 allata
585 1804 671 1850 nnnc
685 1784 809 1852 accedit
824 1805 842 1852 e
857 1784 1018 1850 Laconica
1034 1783 1171 1852 dialecto
1187 1791 1287 1852 εέτεα
1302 1788 1336 1852 in
1359 1789 1463 1854 titulo

325 1881 558 1951 aKirchhoffio
573 1882 661 1948 edito
683 1881 852 1957 (Monatsb.
870 1882 900 1948 d.
917 1882 1002 1948 Berl.
1018 1881 1118 1948 Acad.
1136 1883 1167 1948 d.
1184 1882 1233 1948 W.
1253 1887 1334 1950 1870
1350 1906 1381 1968 p.
1401 1890 1461 1963 60)

326 1988 450 2048 extans.
488 1979 583 2063 Apud
602 1979 792 2046 Alcmanem
813 1987 848 2048 ut
869 1979 903 2043 in
926 1979 1025 2062 epicis
1047 1980 1241 2046 carminibus
1263 1980 1366 2053 modo,
1381 2002 1461 2048 coa-

326 2080 453 2149 lescunt
465 2076 560 2141 modo
575 2097 641 2141 non
656 2077 853 2143 coalescunt:
876 2073 1004 2142 κάδεα
1020 2076 1057 2141 fr.
1069 2079 1124 2160 993
1148 2078 1237 2143 aliud
1252 2069 1388 2146 tortasse
1401 2098 1458 2145 ex-

327 2175 469 2257 emplum
483 2173 517 2237 in
532 2180 678 2255 corrupto
695 2172 891 2254 σκομύνθεα
906 2174 986 2240 latet
997 2173 1094 2239 trin.
1116 2174 1183 2241 Sed
1199 2174 1358 2262 ποδώκη
1374 2197 1457 2260 pap.

329 2275 394 2353 ¹·32
411 2265 575 2356 Εὗῖείχη
587 2273 729 2354 pal)-Ml
745 2291 810 2336 non
825 2271 859 2336 in
871 2270 1117 2354 charissimam,
1135 2272 1193 2338 sed
1206 2272 1367 2340 efrustulo
1379 2276 1456 2340 Alc·

243 2440 249 2448 ,
325 2363 452 2434 manico
468 2369 501 2435 in'
517 2367 622 2434 (iram.
639 2367 759 2434 Anecd.
776 2367 1000 2435 Oxon.l.159.
1017 2372 1037 2432 2
1059 2376 1186 2435 servato
1201 2370 1247 2435 ihi
1261 2371 1452 2438 restitutum.

327 2463 436 2554 ἄνθη
450 2467 544 2533 fres.
560 2501 597 2537 -,
612 2467 730 2533 Dorica
745 2487 817 2534 esse
832 2468 959 2533 videtur
974 2472 1138 2532 contracta
1152 2467 1254 2534 torma
1266 2457 1287 2555 ἦ
1295 2493 1314 2551 ρ
1330 2469 1450 2550 (Bergk

326 2569 403 2651 εῆρ)
418 2564 454 2630 tr.
472 2567 523 2646 76,
546 2583 621 2628 nam
637 2564 807 2631 Homerica
822 2564 963 2631 carmina
985 2563 1135 2646 ignorant
1157 2566 1241 2631 hanc
1262 2565 1451 2632 nominativi

327 2661 471 2729 formam.
523 2661 588 2728 Sed
612 2659 727 2747 εἴαρος
749 2663 786 2728 fr.
810 2667 860 2730 26.
884 2669 904 2727 4
926 2681 967 2728 ex
995 2663 1088 2745 opica
1116 2662 1255 2728 dialecto
1285 2662 1452 2747 depromp-

326 2767 393 2826 tum
422 2765 481 2825 est.
530 2760 604 2825 Non
639 2761 744 2827 minus
774 2761 924 2826 Doricum
954 2759 1138 2827 habendum
1170 2765 1218 2826 est
1246 2761 1354 2848 βλῆρ
1380 2761 1399 2825 i.
1424 2761 1451 2827 e'.

329 2855 459 2940 δέλεαρ,
483 2858 511 2922 si
532 2877 567 2923 re
589 2877 667 2923 vera
688 2859 797 2940 glossa
811 2857 1018 2943 Hesychiana
1039 2857 1187 2923 Alcmani
1209 2856 1382 2924 tribuenda
1403 2865 1452 2924 est

326 2974 432 3036 neque
454 2974 524 3019 cum
547 2954 771 3021 Schoemanno
791 2950 997 3036 Ἀλκμαίωνι
1025 2955 1059 3019 in
1078 2951 1224 3038 Ἀλκαίῳ
1253 2954 1451 3021 mutandum.

327 3051 495 3116 Insolitam
518 3051 767 3116 contractionem
789 3071 976 3134 perpessum
999 3058 1048 3117 est
1069 3051 1256 3117 adverbium
1279 3052 1327 3139 ῥᾶ
1347 3052 1384 3118 fr.
1399 3057 1449 3134 42,

329 3145 370 3211 de
399 3165 460 3228 quo
491 3148 751 3230 testaturhpoll.
781 3148 814 3212 in
838 3149 944 3215 Bekh.
967 3148 1080 3215 anecd.
1105 3152 1183 3230 566,
1213 3168 1254 3214 ex
1283 3150 1357 3237 ῥεῖα
1380 3149 1450 3236 ῥέα,
1582 3161 1583 3164 ’

328 3243 390 3310 nisi
414 3242 532 3309 Dorica
553 3243 655 3310 forma
676 3246 811 3313 fortasse
834 3247 913 3333 ῥαῖα
935 3248 987 3314 vel
1012 3247 1076 3333 ῥᾷα
1099 3254 1249 3313 sonuerat
1271 3247 1321 3324 (ct.
1339 3245 1450 3335 ῥᾴων).

316 3341 477 3409 'Ceterum
501 3341 727 3409 conterendum
751 3351 799 3411 est
822 3342 987 3432 ῥᾴθυμος.

413 3439 631 3507 Diaeresin
653 3461 736 3524 qnae
760 3442 874 3510 dicitur
897 3443 1057 3526 digammo
1080 3441 1159 3508 eliso
1175 3461 1247 3507 raro
1270 3462 1355 3507 nunc
1376 3444 1450 3525 legi-

328 3556 415 3621 mus;
445 3543 522 3602 ncta
543 3536 613 3620 ejus
635 3547 763 3605 servata
786 3541 888 3606 estin
918 3536 1063 3614 ἇϊτίας
1091 3539 1156 3614 (vel
1179 3535 1301 3616 ἆΐτιας)
1325 3538 1450 3622 χορδάς

330 3637 380 3701 ut.
404 3635 446 3700 M.
470 3637 521 3699 43.
545 3640 585 3699 40
607 3635 657 3713 (fr.
677 3638 757 3718 125),
782 3656 864 3718 quae
886 3658 950 3703 vox
972 3634 1129 3717 significat
1150 3633 1211 3712 τὰς
1233 3634 1397 3721 ἐρωτικός
1417 3645 1448 3703 et

328 3732 370 3798 ab
390 3728 487 3818 ἀΐτης
502 3731 676 3813 descendit,
701 3731 741 3797 de
757 3753 818 3815 quo
834 3735 979 3801 conteras
995 3735 1079 3801 Curt.
1095 3730 1208 3797 ereas
1223 3736 1295 3799 389.
1325 3734 1447 3802 Deinde

329 3828 379 3894 bis
402 3848 473 3895 eam
502 3830 622 3913 recepit
643 3829 753 3912 Bergk
776 3838 888 3897 eontra
914 3831 1066 3907 librorum
1095 3834 1282 3899 memoriam
1312 3832 1448 3898 metricis

330 3925 434 3990 causis
457 3933 646 3992 commotus:
671 3922 830 3991 ὄῑώιων
846 3928 882 3994 fr.
901 3933 950 3995 66.
968 3932 1002 4007 6;
1026 3929 1226 3995 Λατοΐδα
1242 3931 1278 3994 tr.
1297 3932 1345 4011 19,
1370 3949 1447 4013 quae

329 4020 522 4088 mutationes
545 4024 734 4090 velociorem
757 4024 940 4108 rhythmum
964 4027 1113 4110 efficiunt,
1136 4028 1281 4094 sed-non
1302 4031 1376 4092 sunt
1397 4045 1446 4092 ne·
