3218 4934
276 461 337 521 102
771 437 902 517 baunaclr

275 638 450 722 positiones
478 634 612 702 alteram
639 635 732 717 proti
759 636 892 702 alteram
922 634 995 718 poti
1021 653 1039 700 0
1061 635 1284 718 remotissimis
1309 617 1401 702 indo·

273 732 466 819 germanicis
494 731 692 815 temporibus
713 734 942 817 assumpsisse,
971 751 1119 815 graecam
1150 739 1259 799 tamen
1281 739 1400 798 utram·

274 853 336 916 que
358 849 542 898 asservasse
557 829 790 913 distantiasque
808 829 1075 913 significationum
1096 829 1278 896 levissimas
1301 832 1399 914 plane

275 948 474 1013 exaequasse
502 934 551 994 est
579 927 761 994 arbitratus.
806 927 884 993 (lum
914 947 951 994 eo
980 928 1128 994 dissentit
1158 926 1294 994 cordus.
1339 928 1400 1006 Qui

275 1029 337 1094 sibi
359 1027 464 1092 minus
485 1024 661 1094 verisimile
683 1044 754 1092 esse
777 1026 854 1090 dicit
875 1025 908 1090 in
932 1025 1045 1092 cadem
1071 1026 1183 1108 lingua
1207 1024 1287 1091 duas
1308 1046 1401 1109 prae·

275 1125 451 1209 positiones
467 1142 547 1204 esse,
571 1143 653 1205 quae
675 1123 822 1207 quamvis
844 1123 966 1206 origiue
989 1122 1148 1204 differant,
1172 1130 1281 1188 tamen
1303 1124 1400 1207 signi·

274 1222 454 1288 ficationem
476 1222 575 1305 plane
591 1220 726 1287 eandem
742 1222 889 1305 accipere
910 1221 1080 1304 potuerint,
1103 1221 1150 1286 ita
1167 1227 1202 1285 ut
1216 1221 1263 1286 eis
1285 1221 1400 1304 prorni-

275 1330 351 1386 scue
373 1319 419 1384 uti
440 1319 545 1386 liceat.
590 1318 629 1383 In
653 1320 876 1403 Etymologiae
899 1318 1089 1385 Elementis⁴
1111 1339 1143 1402 p.
1161 1321 1201 1383 80
1222 1318 1285 1384 ait:
1314 1319 1401 1395 ,Fir

275 1417 359 1482 mich
381 1423 503 1500 gentlgt
524 1417 576 1484 die
598 1416 698 1499 riillig
718 1417 844 1499 gleicbe
858 1415 1049 1498 Bedeutuug
1064 1414 1121 1482 des
1143 1415 1270 1482 doriscb
1294 1417 1401 1484 home·

170 1587 180 1596 .,
274 1514 402 1580 rischen
423 1517 505 1579 nori
526 1514 584 1579 mit
599 1513 673 1580 dem
688 1514 911 1580 bomeriscben
926 1517 1030 1597 προτί
1063 1543 1105 1564 =
1119 1512 1185 1578 s'kr.
1205 1515 1310 1596 prati)
1333 1513 1401 1578 und

275 1612 348 1678 dem
371 1610 558 1677 kretiscbeu
581 1615 698 1695 πορτί,
728 1633 781 1677 um
806 1612 856 1676 fllr
879 1611 931 1676 die
961 1617 1044 1677 erste
1066 1609 1161 1675 Form
1186 1608 1249 1676 den
1271 1610 1400 1677 Verlust

275 1707 333 1776 des
356 1733 375 1793 ρ
397 1709 621 1775 anaunebmen
648 1709 715 1775 und
743 1716 822 1775 trotz
844 1710 918 1774 Pott
939 1707 981 1788 1²,
1005 1710 1067 1772 272
1096 1711 1216 1791 προτί,
1241 1712 1323 1771 ποτέ
1351 1708 1401 1772 fdr

274 1805 433 1891 identisch
466 1827 505 1874 zu
537 1807 680 1874 balten.“
724 1809 805 1872 Eum
840 1809 1000 1870 auctorem
1034 1805 1133 1870 secuti
1166 1811 1241 1870 sunt
1273 1805 1400 1872 Gelblre

276 1903 378 1980 (Stud.
399 1904 447 1983 ΙΙ,
472 1906 541 1980 31)·
565 1910 578 1968 t
600 1902 805 1986 Siegismuud
828 1910 860 1968 et
878 1903 1012 1968 Decclre
1041 1900 1144 1977 (Stud.
1167 1900 1230 1966 Vll
1260 1923 1292 1986 p.
1316 1906 1400 1979 254).

276 2003 318 2064 At
341 2000 488 2066 omnibus
507 2000 602 2066 rebus
623 2000 843 2082 consideratis,
864 2000 948 2083 quod
964 1999 1087 2073 Pettius
1103 1999 1143 2066 de
1159 1999 1286 2064 illarum
1309 2019 1402 2083 prae·
1448 2061 1451 2066 .

275 2097 469 2180 positionum
492 2097 602 2164 formis
625 2098 738 2180 sentit,
768 2118 841 2164 mea
862 2098 991 2180 quidem
1015 2098 1176 2164 sententia
1202 2097 1400 2179 probabilius

278 2213 349 2260 esse
370 2192 505 2259 videtur.
550 2196 630 2261 Rem
653 2196 832 2262 accuratius
854 2196 1077 2276 tractabimus,
1100 2198 1270 2278 postquam
1293 2196 1400 2264 varias

274 2290 547 2375 praepositionum
580 2293 698 2359 formas
733 2293 1040 2376 perlustraverimus.
1092 2292 1277 2359 Nonnullae
1314 2295 1400 2359 cuim
1463 2367 1465 2373 Α
1593 2293 1594 2296 ’

274 2388 405 2470 lormae,
435 2408 517 2471 quae
538 2389 644 2455 adhuc
666 2409 770 2472 neque
791 2392 947 2457 collectae
969 2409 1074 2473 neque
1096 2390 1276 2474 explicatae
1299 2399 1399 2473 eraut,

241 2511 244 2517 ’
276 2485 354 2552 satis
383 2487 577 2569 singulareS,
608 2494 643 2551 ut
664 2486 761 2552 Pottii
784 2488 956 2573 explicatio
984 2488 1077 2554 nobis
1107 2486 1209 2570 magis
1238 2488 1398 2571 probetur,
1437 2495 1440 2502 '

274 2583 426 2651 efficiunt.
831 2594 837 2610 ·

359 2681 410 2747 Ad
432 2683 620 2749 sanseritam
640 2684 732 2765 prati
751 2683 885 2747 formam
906 2684 1052 2766 proxime
1072 2681 1197 2750 accedit

363 2784 391 2854 l)
428 2784 570 2863 προτί,
603 2801 698 2863 quam
731 2781 870 2844 maxime
901 2801 942 2846 ex
964 2779 1094 2846 Homeri
1123 2781 1316 2846 carminibus
1345 2801 1399 2846 no·

274 2875 387 2941 vimus.
431 2877 549 2942 Aeoles
581 2878 675 2941 istam
717 2878 892 2959 pleniorem
926 2876 1060 2942 sormam
1093 2879 1315 2961 neglexerunt.
1360 2878 1398 2944 Iu

274 2992 383 3037 eorum
404 2973 515 3054 titulis,
539 2974 585 3037 ait
607 2973 683 3037 Abr.
706 2973 722 3036 Ι
743 2994 774 3057 p.
801 2978 869 3038 150.
883 2974 1020 3056 ,legitur
1042 2974 1160 3056 ubique
1182 2975 1279 3059 πρός,
1302 2997 1397 3059 quum

273 3068 466 3135 recentiores
494 3071 595 3134 critici
624 3075 743 3135 temere
772 3070 909 3136 subinde
932 3075 1035 3153 προτί
1056 3073 1110 3138 vel
1131 3076 1214 3137 noel
1236 3073 1399 3140 intrudere

273 3165 466 3231 volueriut.“
511 3167 623 3249 Neque
644 3174 752 3232 tamen
774 3167 809 3231 id
837 3170 934 3251 plane
957 3176 1041 3235 recte
1063 3189 1134 3235 sese
1163 3171 1300 3252 habere,
1331 3191 1399 3255 ery-

273 3262 376 3330 thraei
405 3264 526 3329 nummi
554 3284 671 3330 nomen
700 3264 920 3351 Προτίδημος
957 3271 1020 3349 (ap.
1044 3267 1197 3333 llionuet.
1227 3268 1329 3336 descr.
1359 3269 1399 3337 de

205 3445 206 3448 Ἴ
252 3359 357 3427 'med
380 3360 438 3443 Ill,
465 3363 538 3438 131)
560 3362 750 3428 documento
774 3370 831 3429 est.
876 3364 980 3428 Etiam
1003 3365 1207 3431 Doriensium
1230 3385 1321 3450 usus,
1345 3367 1409 3448 qui¹

273 3459 402 3542 saepius
431 3460 623 3540 nominatur,
656 3480 720 3524 nou
749 3467 854 3526 certus
883 3480 954 3528 esse
983 3460 1118 3528 videtur.
1163 3464 1239 3529 Ahr.
1261 3464 1310 3545 ll,
1338 3467 1399 3531 338

272 3557 334 3622 ait:
357 3557 464 3639 ,quod
487 3560 611 3639 [προτιΊ
633 3557 675 3622 ab
693 3557 875 3641 Apollonio,
899 3558 940 3626 de
961 3565 1046 3643 synt.
1068 3579 1099 3642 p.
1117 3564 1168 3640 50,
1193 3563 1233 3624 23
1257 3560 1398 3627 doricum

273 3671 344 3720 esse
367 3653 490 3734 dicitur,
513 3653 546 3717 iu
568 3654 749 3736 purioribus
772 3654 902 3722 Doridis
923 3656 1064 3722 fontibus
1086 3676 1150 3721 non
1173 3658 1323 3740 legitur.“

359 3753 390 3826 2)
423 3756 554 3834 πορτί
576 3750 678 3818 torma
699 3773 720 3818 a
741 3751 948 3819 Cretensibus
969 3755 1040 3820 sola
1058 3761 1212 3837 usurpata
1233 3757 1266 3821 in
1290 3778 1399 3824 eorum

272 3846 374 3911 orons
396 3849 488 3929 3043,
513 3852 605 3926 aoso,
629 3853 724 3931 soor,
747 3854 829 3915 3053
852 3851 978 3933 legitur.
1008 3850 1098 3931 (aur.
1113 3852 1156 3933 11,
1179 3856 1241 3920 ass
1264 3864 1297 3920 et
1319 3859 1397 3938 4223

272 3943 391 4026 Helbig
415 3943 455 4010 de
477 3943 553 4010 dial.
576 3953 650 4013 oret.
673 3967 704 4030 p.
728 3950 792 4024 44.)
837 3946 916 4015 Orta
944 3955 993 4016 est
1023 3969 1064 4016 ex
1092 3954 1195 4032 προτί
1221 3972 1278 4035 per
1300 3959 1399 4018 meta·

272 4040 378 4105 thesin
401 4047 436 4106 ut
457 4053 510 4124 ap.
533 4042 672 4128 Hesycb.
696 4039 930 4129 ἀκοράζεσθαι
952 4067 992 4114 ex
1015 4044 1220 4132 ἀκροᾶσθαι.
