3226 4948
324 480 387 540 404
847 480 924 550 Ruge

321 655 524 736 tenebantur,
542 652 649 736 priore
663 651 728 717 iam
743 658 889 735 tempore
903 649 1050 733 usurpari
1064 654 1212 731 coeptam
1227 667 1308 730 esse,
1324 647 1454 713 urbium

321 772 397 818 vero
419 752 551 816 nomine
572 750 663 816 nullo
684 748 906 815 intercedente
928 746 1111 812 discrimine
1133 745 1228 811 modo
1251 747 1331 828 sola,
1355 745 1454 811 modo

321 869 393 916 cum
415 847 655 934 praepositione
677 846 848 912 coniuncta
869 844 956 928 poni.

292 1089 295 1096 -
357 1045 537 1118 Ablativus,
555 1059 617 1120 quo
632 1041 757 1102 versari
780 1041 903 1117 aliquid
924 1041 959 1100 in
981 1040 1090 1116 aliquo
1112 1039 1183 1099 loco
1204 1037 1417 1116 significatur.

408 1179 582 1260 Postquam
605 1174 647 1241 de
669 1195 709 1242 ea
736 1175 872 1240 ablativi
893 1175 942 1255 vi,
972 1192 1055 1256 quae
1082 1173 1156 1238 huic
1181 1173 1270 1237 casui
1291 1172 1384 1254 quasi
1406 1171 1455 1236 in·

323 1282 402 1341 nata
416 1280 474 1355 est,
498 1272 742 1356 disputavimus,
761 1272 933 1338 transimus
948 1270 992 1335 ad
1013 1269 1188 1337 secundum
1202 1289 1295 1335 usum
1317 1288 1455 1351 eumque

324 1372 359 1438 in
373 1373 486 1454 lingua
503 1372 607 1437 latina
622 1378 708 1436 certo
722 1369 989 1452 antiquissimum,
1005 1387 1067 1449 quo
1082 1368 1245 1434 ablativus
1260 1387 1333 1433 eum
1348 1368 1455 1432 locum

324 1469 493 1553 significat,
515 1469 550 1533 in
573 1487 635 1549 quo
658 1468 782 1550 aliquid
805 1473 855 1534 est
876 1467 945 1532 sive
959 1470 1115 1530 versatur.
1148 1464 1320 1545 Quaeritur
1334 1473 1454 1546 autem,

323 1574 430 1632 utrum
453 1565 547 1630 latini
568 1565 715 1631 homines
736 1564 822 1630 huno
844 1583 935 1630 usum
960 1562 1055 1645 primi
1075 1563 1315 1642 constituerint,
1345 1581 1388 1627 an
1410 1561 1454 1626 ab

324 1664 436 1729 italica
456 1662 515 1727 illa
536 1662 697 1728 communi
720 1661 928 1746 dialectorum
950 1666 1067 1740 matre,
1096 1661 1216 1742 quippe
1238 1677 1321 1741 quae
1343 1677 1456 1724 omnes

325 1767 397 1827 octo
419 1779 513 1826 casus
535 1759 724 1843 possederit,
747 1759 858 1842 adepti
873 1758 947 1824 sint.
959 1755 1049 1840 ‚Qua
1064 1756 1105 1822 de
1119 1775 1155 1823 re
1172 1777 1337 1838 nunqnam
1358 1775 1455 1838 quae·

325 1858 422 1924 situm
445 1864 503 1936 ost,
527 1856 612 1938 quod
634 1856 782 1922 homines
798 1855 894 1936 docti,
918 1873 1080 1937 sempera
1094 1853 1325 1920 Ciceronianae
1339 1854 1455 1918 aetatis

325 1953 457 2020 dicendi
478 1954 604 2020 rationo
625 1953 769 2036 profecti,
791 1955 877 2019 hunc
890 1973 983 2018 usum
1001 1952 1037 2015 in
1057 1952 1162 2034 prisea
1183 1952 1344 2016 latinitate
1357 1956 1456 2032 atque

326 2051 476 2116 dialectis
496 2049 635 2117 eundem
657 2050 756 2115 tuisse
777 2071 836 2132 pro
857 2055 943 2115 certo
965 2048 1138 2114 habebant.
1167 2050 1215 2113 Ac
1236 2051 1373 2131 primum
1388 2048 1457 2130 qui·

327 2147 402 2213 dem
425 2146 467 2212 de
489 2146 637 2213 dialectis
658 2146 909 2229 disputabimus,
938 2146 972 2209 in
994 2144 1202 2226 quibuscum
1231 2146 1388 2211 looativus
1409 2146 1457 2210 iu·

327 2243 478 2310 veniatur
499 2244 541 2307 ab
564 2243 708 2309 ablativo
730 2243 833 2308 torma
855 2241 1040 2324 distinctus,
1069 2243 1138 2308 veri
1166 2243 1272 2309 simile
1292 2249 1341 2309 est
1363 2263 1457 2308 usum

328 2359 456 2423 quoque
490 2340 593 2424 magis
625 2339 887 2424 indegermanieo
919 2342 989 2407 sive
1024 2340 1216 2423 primigenio
1249 2340 1456 2423 respondere,

328 2456 423 2520 quam
446 2437 501 2520 qui
521 2437 556 2502 in
578 2438 691 2520 lingua
713 2438 817 2504 latina
839 2443 955 2530 exstat.

457 2572 483 2637 I.
527 2572 687 2655 Lingua
712 2572 902 2637 umbrica.

413 2688 606 2756 Aufrechtus
621 2697 653 2757 et
669 2690 895 2773 Kirohbolfius,
919 2691 1064 2771 Brealus,
1085 2689 1302 2756 Buechelerus
1323 2692 1357 2756 in
1379 2711 1459 2757 non-

330 2787 430 2855 nullis
451 2787 532 2853 loois
553 2787 730 2853 ablativum
752 2788 883 2853 looativi
904 2788 976 2853 loco
997 2786 1137 2871 positum
1160 2807 1231 2853 esse
1253 2794 1456 2872 putaverunt,

330 2885 408 2968 quin
431 2883 528 2952 etiam
544 2884 759 2952 Buechelerus
781 2885 814 2950 in
838 2885 995 2952 eiusmodi
1018 2884 1175 2967 exemplis
1190 2884 1213 2946 d
1227 2884 1354 2952 litterae
1368 2887 1459 2952 abla-

230 3029 235 3039 -
330 2983 389 3049 tivi
418 2983 569 3068 propriae
597 2983 750 3065 reliquias
778 2983 935 3065 quasdam
962 2981 1100 3047 inveniri
1129 2980 1191 3046 sibi
1219 2984 1395 3066 persuasit,
1424 2982 1460 3048 id

330 3078 417 3164 quod
450 3100 514 3145 non
551 3078 753 3162 probandum
782 3098 854 3145 esse
882 3097 980 3160 supra
1016 3076 1254 3144 demonstrasse
1286 3080 1383 3147 nobis
1414 3080 1461 3145 vi·

332 3175 456 3351 domuit).
470 3295 557 3336 ceree
580 3273 668 3356 putei
692 3284 793 3337 senat
823 3309 860 3318 -
888 3293 959 3335 eree
987 3270 1077 3349 (sede
1105 3291 1168 3354 qua
1196 3273 1320 3339 steterit
1344 3309 1382 3320 -
1406 3277 1459 3351 ea)

331 3371 398 3438 tab.
421 3369 467 3436 VI
489 3391 519 3435 a.
545 3374 581 3454 53
604 3390 688 3452 quae
710 3370 832 3437 formae
852 3370 984 3437 locativi
1006 3375 1089 3436 sunt.

417 3472 450 3547 2)
473 3469 636 3553 perenimu
662 3488 741 3551 poce
761 3487 853 3531 sorau
881 3468 992 3550 V1,b,
1017 3470 1068 3548 37,
1097 3467 1183 3550 quod
1204 3466 1339 3534 Brealus
1365 3467 1461 3534 vertit

331 3567 381 3628 uti
410 3566 443 3627 in
465 3563 596 3647 scroto,
626 3564 843 3632 Buechelerus
871 3585 948 3632 vero
970 3569 1057 3630 certe
1085 3565 1203 3630 rectius
1231 3565 1460 3648 interpretatur

328 3670 484 3747 precator
505 3669 541 3722 ut
556 3661 706 3744 porcille.

420 3762 451 3836 3)
473 3767 594 3820 tremore
615 3779 701 3821 serae
722 3756 844 3820 eboeltu
866 3756 919 3839 VI,
939 3762 1004 3840 a,2
1028 3757 1254 3839 Buechelerus,
1276 3759 1366 3826 ouius
1388 3779 1461 3826 ten·

333 3855 436 3921 tentia
456 3874 477 3918 a
499 3855 605 3920 Breali
630 3854 895 3938 interpretatione
922 3875 987 3920 uon
1015 3854 1149 3920 multum
1178 3853 1300 3936 differt,
1330 3855 1391 3922 hoc
1413 3856 1460 3924 sio

334 3951 506 4017 convertit:
538 3951 571 4013 ia
599 3950 799 4014 tabernaculo
821 3952 932 4015 sedans
953 3951 1066 4017 iubeto.
1111 3951 1257 4018 Conferri
1285 3959 1391 4035 potest
1419 3955 1461 4021 si-

334 4046 419 4113 milis
441 4045 620 4115 enuntiatio
648 4057 771 4110 tremnu
791 4070 879 4112 ceree
901 4048 1078 4134 combrflatu
1108 4049 1153 4128 (in
1182 4051 1390 4116 tabernaculo
1411 4070 1461 4119 se·
