3218 4934
581 462 706 517 schedae
718 461 916 530 grammaticae.
1257 457 1316 518 125

278 635 456 720 ἕρμασις
475 640 534 700 157
543 655 573 718 a,
590 641 640 700 41.
668 627 777 700 αὐλῶν
793 628 979 716 ἕρμάσσιος
994 631 1130 714 sigmate
1144 632 1317 716 geminato·

191 733 263 800 Vox
284 733 366 798 haec
388 733 580 817 cognatione
600 732 758 798 voeabula
780 727 881 814 ἕρμα,
905 726 1232 813 r‘ppartdw‘attingit.
1353 771 1360 780 -

278 827 487 914 ζεύγωχος
529 829 627 895 luch.
681 829 737 895 Bis
772 827 899 892 dativus
934 824 1111 911 ζευγώχωι.
1168 827 1319 911 Explicat

190 926 378 994 Foucartius
401 929 488 994 hisce
509 927 633 1012 ¹uerbis:
657 925 760 1005 „celui
783 925 837 1007 qui
860 924 991 991 conduit
1005 947 1048 990 un
1064 926 1204 992 charriot
1219 927 1317 992 attale

191 1023 221 1090 d'
240 1044 304 1091 une
325 1025 415 1109 paire
437 1025 478 1092 de
500 1025 645 1092 boeuis.“
689 1025 760 1090 Vox
782 1044 823 1090 ex
847 1022 1040 1107 ζευγο-οχος
1063 1023 1130 1101 (cfr.
1152 1022 1317 1105 πολιᾶχος

190 1150 233 1170 -’
247 1123 322 1189 Κο11
343 1125 430 1190 anal.
447 1123 547 1208 epigr.
562 1145 594 1207 p.
611 1126 651 1188 90
667 1157 709 1169 —
732 1142 774 1188 ex
788 1119 1002 1201 πολιά-οχος)
1026 1129 1095 1186 orta
1110 1128 1167 1188 est.
1201 1120 1319 1187 Confer

192 1217 312 1304 ὀχυράς
336 1227 368 1288 01
389 1219 508 1305 ἑχυρός
536 1221 731 1304 nominaque
749 1215 967 1306 Ὑπεροχίδης
990 1225 1023 1285 01
1042 1213 1258 1306 Ὑπερεχίὸης
1285 1219 1318 1284 in

155 1327 158 1332 '
191 1317 285 1384 inser.
308 1324 364 1383 att.
1285 1357 1290 1364 ‚

278 1413 413 1498 ζωρύα

324 1515 423 1592 1570,
449 1515 502 1576 46:
525 1509 586 1588 τὰς
603 1507 731 1595 ζωρύας
746 1507 807 1586 τὰς
818 1505 905 1593 ὑπὲρ
920 1513 980 1574 τοῦ
996 1507 1089 1594 ἱεροῦ
1104 1508 1319 1595 παρτάμοντι

450 1611 504 1672 48:
528 1606 658 1691 ζωρύας
674 1605 720 1685 ὡς
733 1606 772 1672 τὸ
789 1604 879 1691 ὕδωρ
896 1604 956 1672 ἐπὶ
970 1603 1028 1671 τὸν
1044 1605 1124 1671 ναὸν
1140 1607 1185 1694 μὴ
1205 1608 1279 1696 ῥέηι

451 1710 506 1770 47;
529 1711 700 1770 exoneret)
717 1700 784 1770 ὑπὸ
800 1711 860 1769 τᾶν
877 1703 1006 1788 ζωρυᾶν
1023 1699 1168 1787 ὀρύξιος.

191 1805 378 1870 Foucartius
407 1802 556 1868 adnotat:
595 1801 728 1886 ,ζωρύα
756 1803 838 1869 n'est
871 1822 932 1887 pas
960 1815 1078 1886 connis,
1112 1803 1195 1869 mais
1227 1803 1251 1868 il
1284 1805 1322 1870 se'
1377 1843 1387 1864 ».

191 1902 336 1967 rattache
364 1922 407 1966 au
434 1900 576 1967 radicale
604 1901 645 1966 de
671 1901 734 1986 ῥέω
765 1901 882 1982 couler,
915 1900 950 1965 la
977 1894 1079 1966 forme
1108 1898 1170 1984 ῥύα
1198 1922 1261 1985 que
1288 1904 1320 1969 le

191 2000 375 2066 Thesaurus
405 1999 541 2082 regarde
564 2019 687 2066 comme
709 2017 773 2064 une
795 1998 978 2083 corruption
1001 1994 1143 2085 (1οῤ011,
1173 2005 1222 2066 est
1249 2021 1321 2084 pro·
1411 2058 1415 2064 .

191 2097 378 2163 bablement
399 2096 573 2181 ancienne;
599 2098 631 2163 le
654 2096 796 2163 radicale
819 2096 863 2176 ζω
884 2097 993 2180 ajoute
1016 2097 1176 2180 peut-edre
1191 2101 1212 2164 a
1226 2097 1320 2164 l'idee

192 2193 234 2260 do
261 2201 395 2260 coorant
416 2194 508 2280 d'eau
537 2195 612 2278 qu’il
642 2194 737 2276 s'agit
766 2194 840 2259 d'un
869 2200 1002 2260 courant
1029 2192 1122 2260 d'eau
1144 2195 1228 2262 vive.
1250 2197 1320 2263 ‘Le

192 2310 266 2355 sens
282 2310 323 2356 en
338 2297 410 2357 tous
426 2311 480 2357 cas
495 2312 537 2357 ne
559 2294 668 2375 parait
690 2313 750 2374 pas
767 2292 916 2358 douteux.
959 2293 988 2356 Il
1003 2312 1023 2356 a
1038 2292 1118 2358 lallu
1134 2293 1241 2359 tailler
1256 2312 1320 2359 une

155 2461 157 2464 .
192 2387 344 2452 tranchee
372 2408 452 2471 pour
485 2389 600 2455 etablir
627 2403 694 2455 cea¹
712 2387 852 2473 ζωρύαι,
889 2389 969 2454 01100
997 2390 1128 2456 avaient
1156 2410 1236 2473 pour
1264 2391 1322 2455 but

194 2482 396 2566 d'empecher
418 2485 500 2549 l'eau
524 2487 564 2552 de
587 2488 695 2552 couler
717 2486 799 2550 dans
827 2486 859 2550 le
882 2483 963 2561 ναός
986 2490 1051 2562 (48)
1075 2491 1107 2552 01
1130 2487 1320 2556 au-deesous

192 2601 234 2645 on
258 2581 346 2646 avait
368 2589 480 2647 auvert
502 2583 785 2659 000100001471.“
822 2582 980 2664 Equidem
996 2583 1077 2648 nihil
1094 2584 1135 2650 de
1157 2583 1227 2650 hac·
1241 2606 1320 2652 voce

193 2677 358 2762 disputare
380 2679 492 2745 ausim.

279 2774 483 2859 να-κόρος
513 2781 574 2840 147
603 2797 661 2860 pro
691 2774 866 2860 ναοκόρος.
916 2776 1020 2842 Etiam
1050 2798 1102 2862 ap.
1125 2777 1266 2862 Hesych,
1289 2787 1321 2846 et

192 2874 226 2938 in
248 2873 342 2939 inser.
366 2873 476 2958 delph.
499 2878 572 2956 256,
599 2880 654 2960 14,
678 2879 751 2957 247,
774 2878 809 2958 93
833 2877 905 2957 248,
932 2879 980 2939 17.

278 2971 495 3037 ναῦσθλον
514 2975 601 3038 1570
623 2972 682 3054 bis,
705 2971 811 3038 adhuc
826 2977 948 3036 tantum
966 2991 1006 3037 en
1021 2971 1182 3059 Hesychio
1197 2981 1319 3040 notum.

280 3065 462 3134 σπάὸιον
485 3105 528 3114 -
553 3075 613 3137 108
639 3105 677 3115 -
700 3091 741 3136 ex
763 3069 836 3135 aliis
858 3069 989 3136 Doridis
1015 3070 1156 3138 fontibus
1178 3073 1241 3140 iam
1264 3095 1319 3138 no-

193 3165 306 3230 vimus.
352 3165 469 3232 Confer
493 3167 791 3250 4111000.ΙΙ,1119.

279 3259 384 3346 ὑπὲρ
415 3263 558 3342 λειτᾶς
584 3264 881 3330 12607000011100
911 3271 997 3330 recte
1026 3285 1097 3330 eum
1126 3267 1228 3334 latino
1257 3289 1319 3346 „ex

72 3349 76 3356 “
193 3361 290 3422 voto“
312 3366 485 3442 comparat.
620 3415 622 3418 ,

279 3451 442 3538 110ορ00
460 3457 559 3539 15911,
582 3461 632 3539 20,
658 3462 808 3523 contextu
831 3457 928 3541 laeso,
951 3459 1015 3524 non
1032 3466 1138 3544 potest
1149 3461 1319 3546 explicari.

278 3547 387 3616 deod
395 3575 412 3616 0
420 3548 473 3634 μά
498 3558 595 3636 1570,
620 3559 660 3620 36
682 3552 872 3636 (χοεύσαντι
886 3554 928 3621 τὰ
942 3553 1029 3642 ὑπὲρ
1045 3565 1106 3635 τᾶς
1128 3551 1318 3642 ὕποόομᾶς)

194 3655 244 3716 001
265 3649 368 3716 forma
389 3651 575 3734 perspicua,
599 3672 681 3735 quae
707 3659 830 3737 spectat
851 3662 963 3738 aperte
984 3655 1026 3721 ad
1051 3653 1190 3738 do'pogd)

265 3904 284 3965 ⁸)
302 3891 464 3970 Nuperrime
477 3903 558 3957 aliam
572 3904 720 3958 notabilem
732 3905 937 3976 inscriptionem
951 3907 1111 3974 Argivorum
1123 3911 1238 3980 repperi,
1250 3927 1319 3981 quae

194 3991 250 4036 non
266 3981 296 4036 in
312 3981 454 4038 Foucartii
471 3983 573 4053 sylloge
588 3987 630 4040 001
645 3985 725 4050 edito,
744 3985 834 4042 sedin
851 3987 930 4054 libro,
949 3988 996 4057 qui
1015 3987 1209 4058 „Inscriptionc
1227 3993 1319 4048 d'Asie

194 4059 317 4116 Mineure
339 4079 389 4132 par
414 4063 454 4118 Le
472 4064 526 4118 Bas
550 4069 578 4119 et
594 4064 795 4134 Waddington“
822 4067 992 4124 inscribitur:
1022 4064 1128 4140 Ἐκρινε
1152 4071 1166 4124 ὃ
1192 4072 1280 4144 δᾶμος
1304 4070 1318 4126 ὁ
