3194 4936
583 481 706 538 schedae
722 482 920 552 grammaticae.
1104 505 1106 510 ¹
1278 480 1319 542 67

191 663 303 723 natum
333 673 414 722 esse.
459 652 556 723 cuius
585 654 810 736 explicationis
840 655 903 720 nisi
931 655 1027 722 fallor
1053 655 1092 721 G.
1116 654 1243 720 Curtius
1272 661 1321 721 est
1391 650 1398 660 “

192 760 302 819 auctor
325 754 462 837 (Eltym.4
484 772 514 834 p.
540 754 630 832 570);
660 751 781 834 aliique
809 770 881 818 eum
911 751 1011 819 secuti
1040 757 1137 818 sunt.¹
1167 752 1350 817 Attamen·

192 871 318 933 eorum,
351 869 434 933 quae
456 867 554 931 supra
575 847 797 932 exposuimus,
825 850 950 918 ratione
979 850 1092 916 habita
1113 868 1219 932 neque
1240 849 1321 915 baec

191 967 329 1032 graecae
344 946 432 1012 vocis
445 944 769 1029 explicatio-amplius
784 966 889 1029 neque
903 947 1187 1031 indegermanicae
1200 946 1322 1013 formae

192 1055 265 1110 tacu
287 1044 401 1110 similis
425 1041 610 1128 explicandi
632 1045 713 1107 ratio
736 1044 866 1126 probari
887 1065 984 1129 posse
1005 1044 1142 1112 videtur.
1186 1044 1255 1109 Iam
1278 1043 1321 1109 ad

192 1152 265 1233 tacu
287 1141 515 1224 explicandum
537 1139 760 1207 Schleichorus
781 1141 816 1206 in
832 1142 943 1228 (lomp.
959 1164 991 1227 p.
1008 1146 1070 1210 632
1093 1134 1196 1208 forma
1209 1162 1319 1214 mama,
1434 1163 1438 1168 ’

191 1257 287 1322 quam
317 1233 622 1320 ἄναόιιιλασιασμῷ
654 1236 822 1304 formatam
850 1241 880 1306 ei
902 1242 1004 1307 visam
1028 1259 1099 1307 esse
1120 1259 1219 1324 supra
1239 1259 1323 1305 com·
1437 1232 1439 1237 ’

193 1334 378 1416 memoravi,
402 1335 447 1400 ita
469 1355 544 1401 usus
567 1340 625 1414 est,
649 1340 770 1398 ottavo
789 1337 926 1404 similem
949 1338 983 1403 in
1006 1338 1136 1403 modum
1158 1356 1199 1404 ex
1221 1337 1322 1420 stirpe

192 1431 395 1516 reduplicata
417 1441 536 1494 toa-tva
559 1430 814 1499 dissimilationis
830 1434 968 1516 quodam
990 1454 1110 1518 genere
1125 1441 1235 1500 natum
1251 1453 1323 1500 esse

192 1536 358 1598 censeret·
378 1528 454 1611 Sed,
479 1548 550 1594 cum
565 1527 686 1594 formae
702 1537 821 1593 toa-tou
843 1531 918 1596 talis
940 1533 1132 1615 permutatio
1148 1533 1226 1598 satis
1240 1531 1322 1595 mira

192 1630 234 1695 sit
255 1646 362 1710 neque
383 1627 453 1691 ulla
474 1645 516 1692 ex
541 1631 634 1710 parte
664 1626 742 1691 mihi
772 1627 934 1710 probetur,
964 1627 1161 1702 formatura
1190 1628 1323 1712 propius

192 1726 353 1792 advoces
376 1742 432 1789 eas
454 1722 609 1789 accedere
630 1723 709 1788 mihi
730 1723 867 1806 videtur,
898 1745 980 1808 quae
1008 1726 1049 1790 ab
1073 1724 1323 1808 amplificatione
1445 1790 1449 1798 ,

192 1822 309 1890 radicis
341 1821 464 1887 vocalis
501 1820 655 1903 originem
693 1826 871 1887 traxerunt.
922 1822 1003 1887 Dico
1039 1823 1198 1888 vocabula
1233 1821 1322 1900 talia,

61 1920 65 1926 ’
193 1920 303 2003 qualia
325 1925 400 1986 sunt
422 1938 542 1984 sanscr.
565 1917 695 1981 blava-c
716 1919 841 2003 (origo),
865 1919 951 2002 quod
973 1940 994 1985 a
1015 1919 1084 1985 rad.
1108 1919 1177 1991 blot,
1201 1939 1323 1983 caca-m

194 2023 310 2101 (aqna),
334 2011 420 2100 quod
443 2034 464 2081 a
485 2015 553 2080 rad.
577 2036 613 2078 su
636 2015 852 2100 (exprimere),
875 2016 925 2082 zd.
948 2026 1040 2079 tucca
1063 2019 1213 2100 (potens),
1237 2014 1323 2099 quod

192 2136 213 2181 a
235 2114 304 2181 rad.
327 2124 361 2177 tu
384 2111 502 2199 (posse)
528 2112 703 2179 descendit.
750 2113 843 2194 Quod
866 2115 894 2182 si
915 2115 1120 2199 probaveris,
1143 2115 1205 2180 hoc
1227 2112 1323 2179 modo

194 2211 411 2304 desecandae
432 2230 592 2296 personae
614 2212 890 2294 pronominalibus
905 2212 1015 2278 formis
1031 2211 1091 2278 erit
1104 2211 1323 2288 iudicandum.

193 2313 294 2376 Tres
317 2309 431 2374 luere
452 2309 492 2373 in
514 2308 657 2390 lingna
679 2308 1018 2393 indogormaniea
1038 2309 1210 2393 stirpes:
1309 2327 1318 2360 i

284 2434 311 2508 1)
349 2436 428 2512 tn-,
458 2449 542 2512 quae
564 2430 662 2512 stirps
684 2450 726 2495 ex
747 2451 868 2498 sanscr.
891 2442 991 2494 tir-am
1017 2431 1084 2510 (cfr.
1109 2431 1244 2512 elz-am),
1273 2429 1323 2494 ad.

195 2528 321 2590 thro-am
343 2527 396 2592 vel
418 2527 521 2592 solum
544 2534 587 2598 tu,
610 2545 657 2608 gr.
680 2525 750 2604 τού,
772 2526 821 2606 τύ,
846 2525 897 2607 σι’,
919 2529 975 2594 lat.
999 2538 1041 2600 tu,
1064 2533 1130 2611 got.
1153 2517 1323 2605 tlzu,'slau

195 2635 239 2710 tp,
265 2625 313 2690 lit.
338 2634 371 2688 tu
393 2628 500 2708 potest
521 2621 640 2704 colligi.
685 2623 736 2687 Ex
758 2643 822 2704 qua
843 2625 968 2690 ratione
990 2625 1086 2690 etiam
1109 2623 1243 2689 vedicae
1265 2623 1325 2688 lin·

193 2742 276 2806 guae
298 2719 465 2804 antiquum
487 2719 766 2786 instrumentalem
789 2723 840 2784 tot
863 2725 917 2798 (ex
940 2723 1036 2800 ιιι-ἂ),
1066 2720 1230 2805 tu-bbpum
1258 2718 1324 2796 (cfr.

193 2820 383 2905 mu-hyam),
412 2824 478 2902 got.
502 2815 594 2880 thu-lc
616 2817 682 2894 (cfr.
706 2817 802 2892 mi-lr,
833 2816 961 2904 ἐμέ-γε)
985 2825 1018 2886 et
1040 2818 1126 2880 thu-s
1149 2816 1216 2895 (cfr.
1239 2817 1324 2894 rai-s)

194 2939 214 2984 a
235 2917 426 2984 brevissima
446 2915 505 2980 illa
527 2915 627 2998 stirpe
649 2924 682 2977 ιιι
706 2913 852 2982 derivare
875 2917 996 3006 licebit.
1122 2965 1124 2972 r
1193 2965 1195 2972 s

280 3019 312 3091 2)
349 3020 480 3093 tara,
512 3033 595 3096 quae
624 3013 721 3096 stirps
750 3012 872 3079 vocalis
895 3033 915 3076 ιι
937 3013 1188 3099 amplificatione
1210 3031 1250 3078 ex
1276 3021 1324 3074 ιιι-

195 3113 294 3196 stirpe
316 3110 443 3196 prodiit.
650 3112 652 3116 ’
1097 3163 1106 3190 χ

281 3212 312 3286 3)
341 3217 443 3290 tva·,
468 3209 552 3291 quod
574 3213 680 3273 utrum
703 3227 743 3274 ex
766 3218 839 3270 tacu
861 3207 1060 3274 decurtatum
1083 3207 1151 3286 (cir.
1173 3207 1323 3285 iod(o)ra‚

195 3307 371 3383 ctmmlot,
399 3303 596 3384 dodlztabirc
623 3306 783 3371 inversu
811 3303 937 3384 vedieo)
965 3325 1009 3372 an
1037 3325 1077 3372 ex
1106 3314 1140 3367 ιιι
1169 3301 1326 3369 suffixou

196 3400 347 3467 adiuncto
370 3400 540 3466 formatum
563 3403 620 3482 sit,
651 3400 827 3469 diiudicare
853 3422 995 3488 neque03
1026 3407 1198 3485 usurpatur
1218 3406 1324 3466 antem

197 3498 284 3566 etin
313 3499 511 3581 pronominis
539 3500 720 3582 personalis
747 3498 994 3575 declinatione²l
1025 3497 1057 3565 ¹ot
1078 3499 1180 3564 solum
1210 3504 1269 3586 p'er
1290 3515 1326 3562 se
1405 3545 1414 3574 ,

196 3595 240 3662 ad
268 3615 445 3680 pronomen
481 3597 698 3680 possessivum
731 3595 991 3679 significandum,
1025 3595 1072 3661 uti
1100 3615 1147 3676 gr.
1178 3591 1250 3670 σός
1266 3613 1325 3677 pro

195 3691 316 3766 *toa-c,
340 3692 390 3758 nd.
405 3693 503 3756 tbwa-
523 3692 708 3776 adhibetur,
732 3714 794 3777 quo
817 3693 1093 3762 etiam-Vedorum
1116 3687 1210 3770 ἅπαξ
1230 3688 1326 3775 λεγό-

197 3814 299 3875 μενοι
322 3790 442 3854 roubais
471 3797 596 3874 spectat
625 3791 729 3875 (Rigv.
752 3795 782 3856 2.
804 3796 856 3858 20.
879 3796 898 3855 2
922 3803 1004 3873 tcarp
1026 3811 1066 3854 ιια
1087 3789 1181 3852 iadau
1203 3787 1326 3851 tvbbbir

267 3995 287 4058 2)
306 3993 381 4048 Haec
394 3993 547 4058 declinatio,
558 3996 591 4047 ut
601 3991 629 4047 irl
643 3991 731 4048 obiter
743 4005 956 4058 commemorem,
969 4007 986 4046 a
998 3989 1182 4061 compluribus
1194 3989 1325 4060 stirpibus

197 4073 334 4142 proficisci
350 4072 457 4130 videtm
472 4073 546 4129 hune
562 4073 621 4130 sere
638 4073 667 4128 in
683 4073 808 4128 modum:
1214 4103 1217 4108 ·

1086 4158 1122 4211 5*
