3194 4936
577 456 699 512 Schedae
715 456 912 524 grammaticae.
1270 451 1307 512 61

186 632 268 698 Eam
296 639 403 698 autem
433 633 585 715 digammi
614 635 648 698 in
676 653 805 716 gamma
833 630 1053 710 mutationem,
1082 634 1117 693 ut
1145 627 1180 693 id
1209 629 1313 697 obiter

187 750 441 813 oommemorem,
464 732 498 795 in
521 731 682 814 plerisque
703 732 836 798 vocibus
858 730 968 812 eisque
990 729 1205 813 potissimum,
1230 747 1312 811 quae

187 827 275 910 apud
293 828 487 913 Hesyehium
504 828 713 912 reperiuntur,
736 849 799 894 non
818 828 958 908 dialecti,
981 827 1048 907 sed,
1073 833 1107 892 ut
1129 826 1175 890 ita
1197 825 1311 907 dieam,

187 925 374 1008 graphioam
397 945 467 992 esse
490 946 560 991 oum
583 928 667 992 aliae
688 948 740 993 res
762 934 828 992 tum
850 928 977 1008 glossae
1000 922 1132 1008 γέυτερ·
1156 917 1175 1008 ἡ
1201 924 1311 988 κοιλία

187 1043 244 1106 pro
267 1033 384 1097 vertor,
410 1027 536 1108 σεργοί·
561 1021 684 1110 ’ἔλαφοι
706 1045 764 1108 pro
787 1024 874 1086 eeroi
893 1023 971 1089 satis
994 1023 1225 1088 demonstrant.

272 1120 332 1186 His
354 1121 395 1186 de
417 1121 651 1188 terminationis
673 1144 726 1205 γις
748 1143 827 1188 sono
849 1123 951 1204 primo
975 1119 1068 1185 dietis
1095 1124 1193 1185 restat
1215 1126 1249 1183 ut
1271 1116 1312 1182 de

187 1237 255 1278 vos
276 1217 316 1282 in
338 1238 403 1300 γις
425 1224 645 1284 attenuato
667 1239 863 1302 moneamus,
887 1219 953 1284 alia
968 1217 1083 1284 suffixa
1097 1215 1194 1282 simili
1217 1214 1312 1280 modo

187 1318 356 1380 attenuata
378 1333 459 1395 esse,
483 1315 528 1380 uti
551 1312 638 1392 *κας
662 1320 732 1393 (sor.
756 1317 917 1400 bala-pue)
945 1316 978 1380 in
1001 1338 1072 1391 -κις
1095 1311 1313 1393 (totto-ag).

187 1408 239 1474 Ad
256 1429 350 1492 quam
366 1410 494 1492 quidem
516 1414 782 1495 permutationem
801 1413 937 1479 fortasse
959 1414 1062 1494 sigma
1083 1410 1182 1478 tuisse
1203 1410 1312 1493 magni

187 1507 357 1587 momenti,
381 1509 530 1592 exempla
550 1506 648 1573 ἰ’σ-θι
670 1530 728 1591 pro
751 1507 851 1574 ἐ’σ-θι
873 1509 1199 1589 Heraoleensiumque
1222 1505 1313 1572 ἱστία

187 1625 246 1688 pro
269 1605 365 1671 ἑστία
389 1605 492 1685 (stud.
515 1606 548 1670 ΙΙ
570 1627 601 1688 p.
628 1607 677 1683 18)
700 1612 868 1672 testantur.

273 1702 422 1768 Glossam
444 1703 489 1768 ita
512 1701 689 1785 explieanti
710 1703 902 1769 mutationes
921 1702 1068 1786 Sopingi,
1092 1701 1146 1783 qui
1169 1699 1313 1782 ἄγωμες,

188 1799 329 1883 Heinsii,
353 1801 406 1882 qui
422 1797 561 1884 ἄγωμιν,
584 1801 765 1882 Pearsonis,
788 1801 841 1884 qui
864 1797 993 1884 ἄγωμις
1016 1798 1218 1865 scribendum
1241 1817 1313 1863 oon-

188 1898 341 1981 ieoerunt,
364 1917 624 1982 supervaeaneae
643 1897 846 1964 videbuntur.
884 1898 927 1964 Ut
947 1904 1053 1962 autem
1076 1897 1135 1962 viri
1157 1896 1207 1960 illi
1230 1895 1315 1962 doeti
1347 1889 1350 1893 ’

187 1994 327 2078 glossam
350 2002 518 2077 mutarent,
545 1996 644 2062 series
665 1995 843 2062 litterarum
865 1996 962 2062 lexioi
983 1985 1055 2062 uisa
1073 2001 1121 2061 est
1139 1993 1313 2060 adhortari.

189 2092 384 2158 Schmidtius
407 2093 492 2158 enim
510 2093 590 2159 falso
613 2095 753 2177 glossam
770 2083 1014 2160 anteoeden'tem
1037 2094 1071 2157 in
1094 2092 1203 2158 eodiee
1225 2088 1314 2176 ἀγω-

189 2193 298 2272 γίους·
316 2184 457 2275 ὁδηγούς
472 2191 624 2256 traditam
640 2196 786 2274 (eamque
802 2193 900 2257 etiam
915 2211 953 2256 eo
968 2197 1101 2256 aooentu
1115 2191 1314 2266 instructam)

188 2285 222 2348 in
246 2283 398 2370 ἀγωγούς
423 2294 613 2354 correxerat.
652 2289 747 2365 (Nam
774 2285 920 2373 ἀγώγιος
936 2313 943 2354 :
959 2285 1090 2371 ἀγωγός
1110 2316 1153 2338 --
1174 2284 1315 2352 elevet-

189 2405 261 2464 ριος
279 2407 286 2446 :
302 2381 485 2466 ἐλεύθερος
497 2413 539 2435 =
550 2379 707 2461 ὑστάτιος
721 2409 727 2449 :
740 2382 883 2462 ὕστατος
894 2415 937 2438 =
950 2385 1108 2461 λοίσθιος
1124 2407 1130 2448 :
1147 2382 1313 2460 λοῖσθος.)

217 2477 224 2490 ‘
275 2479 374 2543 Porro
388 2480 583 2562 Hesyohium
607 2480 712 2546 dualis
734 2481 899 2548 formosat
918 2483 1083 2547 nominum
1099 2486 1131 2546 et
1146 2481 1314 2546 verborum

191 2593 318 2657 semper
345 2575 453 2640 formis
483 2576 617 2658 pluralis
647 2576 783 2642 eandem
810 2598 981 2661 porsonam
1015 2575 1230 2641 indicantibus
1263 2597 1315 2642 ex-

190 2673 362 2758 plicavisse
386 2673 543 2755 exemplis
566 2671 681 2738 dooere
704 2675 919 2740 neeessarium
942 2694 1008 2738 non
1031 2678 1088 2737 est.

275 2771 366 2850 Quae
388 2789 459 2835 eum
481 2771 527 2835 ita
549 2770 621 2851 sint,
646 2770 802 2837 dialeotus
825 2772 937 2854 argiva
959 2791 977 2837 e
999 2767 1212 2836 remotissima
1234 2769 1314 2834 anti·

191 2870 311 2951 quitate
333 2868 403 2934 sola
424 2866 698 2949 terminationem,
731 2888 826 2951 quam
848 2869 934 2935 aliae
956 2867 1109 2948 omisere,
1132 2885 1316 2932 asservasse

190 2964 325 3030 videtur.
369 2965 444 3029 Alia
466 2983 592 3047 quoque
621 2967 781 3048 permulta
804 2973 835 3033 et
857 2965 1033 3050 peouliaria
1054 2965 1087 3030 in
1110 2962 1224 3029 eadem
1248 2959 1315 3029 dia-

191 3063 290 3146 leoto,
315 3082 396 3145 quae
418 3063 618 3144 antiquarum
641 3062 811 3127 formarum
833 3062 893 3128 luit
915 3063 994 3129 satis
1016 3069 1129 3142 tenax,
1152 3079 1170 3126 e
1192 3081 1316 3126 summa

191 3160 384 3241 antiquitate
400 3167 475 3224 sunt
489 3159 617 3240 tradita,
640 3160 687 3225 ita
702 3169 736 3224 ut
755 3159 839 3243 quod
863 3160 989 3226 nonita
1003 3159 1123 3225 multae
1136 3177 1243 3241 neque
1258 3177 1316 3225 eae

191 3258 342 3339 antiquae
362 3257 587 3339 inser-iptiones
608 3277 793 3340 paucaeque
808 3258 895 3341 apud
917 3255 1143 3339 grammaticos
1158 3255 1227 3322 eius
1249 3255 1317 3321 dia·

191 3354 268 3420 leeti
289 3355 416 3434 glossae
438 3353 532 3418 nobis
554 3361 628 3418 sunt
649 3363 806 3436 servatae,
830 3354 926 3421 valde
948 3351 1122 3420 dolendum
1146 3355 1196 3417 sit.

277 3449 346 3514 Etsi
362 3447 542 3530 Hesyehius
557 3451 645 3516 solus
660 3471 732 3516 eam
747 3453 1004 3518 terminationem
1020 3449 1193 3515 memoriae
1207 3447 1317 3524 tradit,

193 3547 229 3612 id
250 3554 359 3612 tamen
374 3563 477 3627 aeque
499 3544 586 3610 erodi
608 3553 714 3629 potest
729 3568 767 3613 ae
782 3549 809 3614 si
823 3549 880 3614 illa
898 3548 1070 3632 singularis
1091 3547 1203 3629 glossa
1215 3543 1318 3611 tros-

192 3649 273 3720 τιῦς·
299 3638 373 3706 ἀντὶ
388 3648 447 3707 τοῦ
463 3639 546 3708 ἐλθέ
570 3646 640 3710 sola
662 3643 702 3710 de
723 3646 946 3729 'antiquissima
967 3642 1148 3729 imperativi
1171 3643 1319 3708 termina-

193 3741 281 3805 tione
303 3763 369 3815 τως
393 3745 525 3815 (sanson.
542 3743 611 3818 tot,
634 3741 691 3806 lat.
714 3741 795 3820 aod)
818 3763 877 3808 nos
896 3744 1046 3810 eerfiores
1068 3740 1144 3806 laoit
1167 3738 1317 3820 (Curtius,

193 3836 309 3902 Kuhns
331 3836 483 3902 Zeitsohr.
508 3840 536 3917 8,
561 3840 623 3901 294
646 3844 678 3903 et
700 3840 795 3905 Verb.
817 3840 850 3904 Π
872 3861 903 3924 p.
926 3843 990 3918 44).

278 3934 475 3999 Terminatio
492 3956 562 4017 -γις
578 3934 619 4001 de
634 3954 697 4018 qua
712 3936 836 4018 agimus
858 3937 978 4020 optime
1000 3957 1070 4004 oum
1092 3941 1318 4009 terminatione

192 4030 327 4115 pluralis
350 4054 428 4112 -μες
451 4033 630 4115 oonspirat,
660 4053 723 4115 qua
745 4035 815 4100 sola
838 4036 1062 4102 Dorienses
1085 4056 1187 4123 eaque
1209 4041 1263 4106 uel
1285 4041 1319 4106 in
