3208 4928
552 1286 698 1385 'Omna
724 1331 880 1384 PRIMUM.
921 1291 923 1294 ⁵

510 1500 529 1577 §
555 1505 581 1564 1.
634 1494 952 1563 Praemittenda.
1039 1583 1047 1589 ᾖ

131 1715 134 1726 ,
250 1652 420 1717 Poetarum
444 1650 627 1716 melicorum
643 1650 837 1717 Graecorum
859 1647 1014 1714 dialectos
1036 1647 1169 1712 mixtam
1193 1667 1290 1730 quan-

102 1743 104 1746 ’
167 1749 241 1815 dam
264 1747 402 1832 speciem
432 1750 588 1831 praebere
617 1750 777 1830 cognitum
804 1746 969 1812 habebant
995 1744 1057 1809 viri
1084 1745 1169 1810 docti
1191 1745 1289 1811 multo

165 1846 254 1930 prius
282 1866 377 1928 quam
407 1865 447 1911 ex
479 1845 694 1930 epigrapbicis
722 1843 836 1911 studiis
865 1850 896 1908 et
923 1861 941 1908 e
970 1842 1179 1924 grammatica
1207 1861 1290 1926 quae

166 1944 281 2010 dicitur
300 1941 520 2025 comparativa
543 1943 769 2023 dialectorum,
798 1943 831 2006 in
862 1959 941 2023 quas
963 1939 1075 2022 lingua
1097 1939 1222 2005 Graeca
1244 1939 1291 2004 di·

165 2041 237 2107 visa
259 2047 342 2122 erat,
371 2040 518 2125 subtilior
546 2041 685 2124 cognitio
714 2047 811 2124 atque
839 2039 919 2104 ratio
949 2037 1094 2103 effloruit.
1139 2037 1205 2103 Sed
1228 2039 1291 2104 ele·

166 2146 284 2218 menta,
308 2158 348 2204 ex
371 2140 484 2220 quibus
505 2138 663 2205 conflatae
677 2145 751 2204 sunt
772 2138 850 2202 illae
873 2135 1013 2218 dialecti,
1038 2134 1235 2219 distinguere
1258 2143 1290 2204 et

167 2235 254 2301 unde
277 2240 309 2300 et
331 2254 394 2316 qua
422 2237 463 2300 de
485 2255 582 2301 causa
610 2243 726 2320 poetae
754 2255 793 2300 ea
814 2234 1040 2300 arcessiverint
1068 2240 1100 2300 et
1128 2254 1290 2302 arcessere

168 2331 339 2415 potuerint,
363 2331 525 2414 explicare
547 2351 655 2396 eorum
679 2339 736 2412 est,
760 2332 812 2412 qui
835 2338 945 2396 nostra
963 2337 1069 2396 aetate
1090 2321 1134 2396 ad
1156 2333 1216 2398 bas
1239 2352 1290 2400 res

94 2463 99 2474 ·
167 2429 292 2494 animos
315 2433 347 2492 et
368 2427 475 2492 studia
496 2435 732 2493 converterunt.
773 2428 910 2507 Abrens,
933 2435 1102 2509 postquam
1125 2429 1290 2513 Aeolicam

169 2531 201 2592 et
224 2525 372 2590 Doricam
397 2522 550 2590 dialectos
572 2523 604 2588 in
628 2525 813 2590 universum
836 2523 1021 2607 descripsit,
1053 2522 1094 2590 de
1123 2532 1289 2608 poetarum

168 2641 294 2707 quoqne
316 2642 462 2689 sermone
484 2621 670 2706 quaesivit¹t
700 2628 732 2687 et
754 2623 835 2686 baec
856 2621 923 2692 lere
946 2620 987 2686 de
1010 2619 1155 2687 dialectis
1177 2623 1291 2706 lyrico·

167 2741 237 2787 rum
266 2727 431 2804 poetarum
462 2720 634 2805 praecepit.
679 2719 723 2786 Ut
745 2719 848 2785 omnis
876 2713 978 2803 lyrica
1005 2719 1112 2802 poesis
1134 2720 1176 2784 ab
1198 2721 1291 2804 epioa

169 2818 311 2902 prolecta
326 2823 384 2898 est',
406 2818 452 2882 ita
467 2817 607 2900 dialecti,
631 2817 745 2899 quibus
760 2818 931 2883 utebantur
946 2816 1039 2900 lyrici
1060 2823 1185 2902 poetae,
1209 2839 1290 2884 nun·
1373 2881 1380 2890 ,

168 2935 264 2999 quam
287 2915 451 2997 desierunt
480 2914 575 2999 hujus
603 2915 735 2998 originis
764 2920 852 2981 certa
881 2933 958 2999 prae
981 2933 1016 2981 se
1038 2915 1121 2981 ferre
1143 2916 1289 3000 vestigia.

169 3013 328 3080 Convenit
343 3019 448 3089 autem
464 3013 644 3097 elegantiae
662 3013 783 3096 ingenii
799 3013 1004 3094 Graecorum,
1028 3013 1113 3095 quod
1128 3015 1289 3081 variorum

168 3111 290 3196 lyricae
318 3111 426 3195 poesis
454 3131 607 3195 generum
636 3119 795 3178 auctores·
810 3131 872 3194 quo
901 3111 1028 3193 longius
1057 3111 1099 3177 ab
1128 3112 1289 3195 epicorum

169 3208 344 3273 carminum
372 3210 497 3274 ratione
525 3208 774 3292 abducebantur,
805 3227 843 3274 eo
872 3207 976 3290 magis
1005 3207 1088 3274 banc
1118 3208 1289 3275 dialectum

171 3303 371 3370 deserebant.
416 3305 484 3369 Hoc
504 3305 599 3370 modo
621 3306 738 3370 facturn
760 3312 818 3386 est,
840 3311 876 3370 ut
898 3305 1042 3387 elegiaci,
1065 3306 1203 3390 iambici,
1227 3326 1291 3374 me·

169 3401 224 3467 lici
251 3407 367 3485 poetae
394 3402 502 3466 varias
530 3402 779 3469 conformandae
806 3403 939 3470 dialecti
967 3404 1056 3485 leges
1084 3404 1184 3469 secuti
1216 3405 1290 3470 sint.

171 3498 230 3565 Vel
263 3499 347 3564 inter
368 3499 502 3565 melicae
530 3497 638 3582 poesis
669 3501 760 3566 varia
791 3521 911 3585 genera
938 3500 1025 3566 haud
1059 3520 1192 3586 parvum
1229 3501 1290 3568 dis-

170 3596 290 3663 crimen
312 3604 456 3680 apparet.
491 3595 553 3677 Qui
575 3597 657 3681 epici
677 3599 827 3664 carminis
849 3598 985 3682 pondus,
1007 3604 1042 3662 ut
1056 3597 1291 3677 Quinctilianus

170 3692 263 3774 dicit,
291 3693 364 3778 lyra
391 3695 547 3760 sustinere
576 3695 789 3776 conabantur,
818 3697 910 3779 opica
932 3695 1070 3761 dialecto
1097 3717 1156 3780 pro
1178 3689 1290 3762 lundass

156 3829 374 3848 0——

242 3897 260 3961 ¹)
281 3893 369 3951 Ueber
386 3894 429 3949 die
446 3893 592 3963 Misebung
604 3894 653 3949 der
665 3893 788 3950 Dialecte
805 3895 833 3950 in
851 3895 899 3950 der
915 3893 1015 3963 grieeb.
1029 3895 1114 3965 Lyrilr
1132 3895 1224 3960 (Verb.
1243 3897 1291 3953 der

171 3974 245 4030 Gott.
267 3976 345 4032 Vers.
370 3975 419 4030 der
441 3974 538 4028 Philol.
567 3979 631 4030 1853
653 3992 681 4045 p.
700 3980 751 4041 55).
798 3974 983 4032 conferendus
1006 3983 1047 4032 est
1070 3976 1177 4046 Herzog
1202 3977 1291 4034 Ueber

169 4053 214 4109 die
232 4055 520 4125 Bildungsgescbiehte
537 4056 585 4111 der
601 4056 710 4125 grieeh,
720 4055 777 4111 dud
793 4057 839 4112 lat.
859 4056 980 4126 Spreeb‘e
996 4074 1023 4127 p.
1046 4062 1101 4112 ¹6³.
