3194 4936
185 1412 211 1475 Ι.
257 1411 313 1476 De
342 1411 481 1492 glossa
509 1407 789 1491 Hesychiana,
825 1425 939 1487 quam
975 1404 1141 1488 primam
1171 1407 1310 1476 dualis

454 1523 670 1588 personam
693 1501 920 1569 habendam
943 1511 1049 1586 puto.

271 1640 545 1707 Terminationum
568 1639 674 1704 dualis
697 1637 811 1719 lingua
830 1638 1003 1720 sanserita,
1027 1659 1123 1722 quam
1145 1641 1178 1705 in
1201 1640 1311 1724 pleris-

187 1759 249 1822 que
277 1739 372 1804 rebus
402 1738 523 1820 antiqui
552 1743 652 1803 status
674 1742 820 1802 tenacem
843 1754 915 1801 esse
937 1736 1021 1803 inter
1043 1757 1154 1804 omnes
1176 1740 1318 1822 constat,

188 1843 289 1903 totam
311 1841 476 1902 extremae
497 1833 698 1918 antiquitatis
720 1831 845 1915 copiam
871 1833 1064 1914 asservavit,
1094 1855 1228 1917 quarum
1250 1841 1311 1902 ter-

188 1934 398 2000 minationum
421 1940 485 2000 tres
499 1935 569 1998 aaa
582 1934 671 2014 (aar),
695 1929 774 2004 teas,
798 1939 846 1992 tor
867 1929 901 1995 in
924 1932 1103 2014 praesentis
1124 1931 1311 2016 indicativo,

187 2040 253 2100 tres
276 2053 323 2104 eu,
347 2040 419 2104 tam,
442 2033 505 2094 tam
528 2032 561 2096 in
584 2026 764 2113 praeteritis
786 2026 954 2110 modisque
973 2029 1118 2111 cognatis
1133 2037 1311 2112 versantur,

188 2131 274 2196 aliae
296 2148 378 2211 quae
401 2148 442 2194 ex
464 2127 577 2194 eodem
606 2127 694 2192 sonte
716 2124 871 2207 originem
894 2132 1060 2192 traxerunt
1086 2127 1218 2210 linguae
1240 2147 1311 2194 eam

188 2225 313 2311 copiam
346 2232 402 2290 aut
433 2226 608 2291 amiserunt
636 2230 692 2289 aut
720 2244 786 2288 non
814 2228 915 2288 totam
944 2231 1223 2290 conservaverunt.
1273 2226 1311 2290 ln

187 2325 300 2406 lingua
321 2341 439 2405 graeca
460 2321 680 2387 tantummodo
703 2318 785 2386 duae
808 2326 936 2386 exstant
956 2321 1214 2405 terminationes,
1238 2343 1313 2406 qua·

187 2440 257 2486 rum
289 2419 323 2483 in
357 2419 554 2499 temporibus
586 2418 745 2500 primariis
772 2440 830 2480 τον
861 2423 893 2482 et
921 2417 1096 2483 secundam
1125 2425 1157 2484 et
1186 2421 1311 2486 tertiam

189 2533 376 2597 personam,
399 2514 433 2577 in
455 2513 636 2595 praeteritis
657 2520 754 2595 atque
776 2512 929 2595 optativis
951 2536 1009 2577 τον
1032 2514 1222 2598 secundam,
1251 2541 1311 2600 την

189 2611 315 2677 tertiam
339 2615 371 2675 et
392 2625 433 2674 ne
457 2614 639 2674 constanter
660 2607 799 2690 quidem,
823 2607 881 2673 sed
896 2627 1125 2691 nonnunquam
1142 2611 1226 2676 inter
1241 2631 1313 2678 sese

189 2707 353 2774 variantes
368 2706 533 2772 denotant.
569 2704 660 2783 Quae
674 2705 803 2787 quidem
825 2723 897 2769 eum
919 2703 953 2768 in
975 2702 1104 2768 modum
1128 2704 1314 2790 dispertitae

190 2825 229 2871 ac
251 2803 401 2871 definitae
422 2803 664 2870 terminationes
685 2803 797 2884 quanti
819 2799 972 2868 momenti
992 2799 1035 2865 ad
1057 2802 1177 2885 passivi
1201 2803 1313 2870 duales

190 2901 357 2985 fingendas
378 2901 516 2980 luerint„
529 2901 627 2984 plane
641 2906 786 2983 apparet.
825 2900 905 2964 llam
926 2903 1034 2965 autem
1056 2899 1312 2966 terminationem

190 3024 258 3078 cor,
289 3019 371 3083 quae
398 2998 574 3080 antiquitus
603 2998 674 3063 sola
697 2997 939 3080 praeteritorum
966 2997 1128 3062 secundae
1155 3016 1312 3081 personae

191 3097 258 3178 luit,
283 3097 379 3164 etiam
402 3096 445 3161 ad
467 3094 688 3177 primariorum
710 3101 887 3177 temporum
905 3093 1009 3158 dualis
1025 3093 1196 3160 secundam
1218 3097 1314 3178 signi-

191 3193 348 3259 ficandam
371 3191 549 3257 adhibitam
572 3210 658 3272 esse,
687 3190 763 3256 inde
785 3191 880 3257 facile
904 3189 1050 3272 intellegi
1078 3198 1197 3274 potest,
1225 3192 1314 3276 ,quod

191 3290 305 3356 formis
316 3289 464 3355 tri-e-ror
481 3297 512 3355 et
532 3285 725 3367 ἐ-λύ-ε-τον,
749 3295 784 3353 ut
799 3289 981 3372 exemplum
996 3289 1140 3371 afferam,
1163 3310 1314 3373 augmen·

192 3395 257 3450 tum
279 3387 493 3470 antepositum
518 3384 679 3451 distinctio
701 3385 760 3450 fuit
782 3385 860 3452 satis
881 3385 1008 3451 idonea.
1052 3387 1167 3468 Itaque
1195 3387 1312 3452 factum

191 3489 250 3564 est,
273 3489 308 3548 ut
322 3483 354 3548 in
370 3483 480 3564 lingua
500 3501 617 3565 graeca
638 3482 780 3548 secunda
796 3489 828 3550 et
842 3484 938 3550 tertia
958 3483 1112 3566 primaria
1132 3481 1313 3548 terminatio

188 3581 286 3664 plane
312 3581 487 3646 tolleretur.
532 3579 637 3661 Atque
659 3580 818 3646 etiameo
841 3580 956 3647 Graeci
979 3578 1139 3665 progressi
1161 3588 1250 3662 sunt,
1281 3587 1314 3644 ut

190 3678 336 3759 primam,
361 3683 393 3743 et
408 3677 592 3760 primariam
608 3683 640 3743 et
655 3677 888 3759 secundariam,
910 3677 1014 3744 dualis
1030 3678 1175 3746 delerent
1189 3697 1315 3743 munus·

193 3793 254 3856 que
277 3794 338 3857 quo
369 3773 473 3840 dualis
501 3774 627 3840 functus
656 3781 723 3840 erat
750 3774 872 3841 formae
894 3774 1029 3858 pluralis
1051 3775 1227 3858 explerent.
1272 3775 1315 3840 At

192 3870 270 3935 mihi
303 3870 458 3937 dialectos
490 3891 623 3954 graecas
656 3872 867 3955 perscrutanti
896 3871 997 3937 forma
1030 3873 1181 3954 occurrit,
1219 3892 1314 3955 quam

193 3968 328 4050 primam
345 3968 450 4034 dualis
471 3989 641 4052 personam
658 3988 729 4034 esse
750 3977 868 4052 putem.
905 3969 1085 4053 Hesychius
1100 3973 1185 4036 enim
1201 3971 1313 4036 miram

192 4065 383 4146 Argivorum
405 4068 546 4149 glossam
568 4066 722 4132 servavit:
