3226 4948
293 475 356 538 408
814 475 893 544 Ruga

293 651 437 716 umbrioa
465 650 606 730 nullum,
635 649 669 714 in
698 669 773 715 osea
801 651 935 713 tortasse
963 647 1085 728 aliquot
1108 647 1258 729 exempla
1280 653 1419 727 exstare,

294 749 349 814 ubi
370 747 530 813 ablativus
551 746 658 812 nudus
679 748 809 812 looativi
831 747 896 810 vim
918 745 1047 810 babeat.

380 846 505 910 Dixerit
526 843 661 910 fortasse
683 845 842 927 quispiam
857 840 1049 910 sententiam
1072 860 1176 906 meam
1197 841 1314 907 falsam
1336 862 1419 924 esse,

295 942 371 1024 quia
399 962 465 1007 non
496 961 568 1006 raro
597 942 758 1006 ablativus
787 961 858 1006 oum
880 939 1120 1022 praepositione
1141 940 1328 1005 ooniuuetus
1349 959 1420 1005 ver-

294 1039 359 1105 sari
381 1038 505 1120 aliquid
526 1038 635 1120 aliquo
662 1039 733 1102 looo
755 1037 921 1121 significet.
966 1036 1067 1102 Huius
1089 1037 1135 1102 rei
1160 1037 1308 1121 exempla
1329 1045 1419 1102 sunt:

384 1141 413 1210 l)
436 1156 476 1219 op
499 1136 610 1198 toutod
630 1141 748 1214 (coram
770 1136 902 1219 populo)
925 1141 948 1198 t.
970 1132 1006 1197 B.
1033 1138 1081 1198 14.
1116 1133 1156 1217 rip
1179 1133 1268 1197 etsta
1286 1133 1420 1197 sutoru-

294 1230 372 1296 lrlrid
390 1231 489 1315 (apud
512 1232 591 1297 illud
613 1231 780 1308 sacellum)
803 1231 837 1298 O.
861 1233 899 1297 A.
926 1235 974 1296 13.

382 1333 413 1405 2)
431 1350 497 1408 pru
520 1329 694 1392 meddiand
713 1336 783 1412 tpro
806 1330 1005 1412 magistratu)
1029 1330 1094 1394 tab.
1118 1330 1200 1412 Agn.
1228 1333 1276 1394 13.

432 1448 495 1510 pru
516 1426 694 1490 medicatur}
714 1433 736 1490 t„
759 1426 798 1491 A.
822 1431 874 1492 23.
1176 1483 1178 1486 .

381 1527 413 1602 3)
433 1535 508 1608 post
528 1546 610 1587 etune
630 1525 668 1588 A.
685 1524 721 1588 Β.
739 1527 767 1606 8,
784 1527 824 1589 23
848 1523 1015 1608 (posthae).
1044 1522 1122 1607 pust
1130 1522 1257 1606 seilrlis
1272 1522 1305 1588 0.
1323 1525 1361 1588 A.
1379 1530 1422 1590 45

297 1627 381 1706 (post
404 1620 503 1697 fioosl.

381 1718 515 1784 Multum
536 1726 644 1784 autem
672 1718 805 1783 interest
825 1717 909 1782 inter
930 1738 1037 1784 casum
1062 1718 1202 1800 aliquem
1223 1718 1309 1783 nude
1337 1720 1422 1802 posi·

296 1823 364 1882 tum
386 1835 531 1898 eumque,
555 1816 608 1898 qui
630 1836 701 1882 oum
724 1815 960 1899 praepositione
977 1815 1188 1898 coniungitur.
1224 1817 1307 1882 Nam
1329 1836 1422 1899 prae·

297 1914 491 1998 positionum
520 1914 625 1996 qualis
652 1933 765 1980 seusus
797 1913 917 1996 primus
946 1913 1056 1994 luerit,
1091 1914 1259 1980 nescimus.
1303 1913 1422 1980 Nonne

297 2012 415 2076 latinus
436 2031 527 2092 usus,
551 2011 728 2076 seeundum
751 2029 844 2092 quem
868 2029 1030 2092 proxume
1052 2009 1090 2072 ub
1112 2010 1189 2073 urbe
1211 2017 1243 2077 et
1262 2031 1423 2094 proauiae

297 2108 341 2170 od
360 2107 467 2170 arbem
490 2105 597 2172 dioere
618 2108 709 2187 lieet,
739 2108 810 2171 luoe
831 2106 948 2172 elarius
971 2105 1169 2173 demonstrat
1190 2107 1327 2173 eandem
1350 2128 1423 2175 sen·
1447 2140 1451 2147 ·

296 2194 431 2270 tantiam
446 2202 583 2269 (liversis
604 2203 895 2287 praepositionibus
909 2203 1064 2269 adhibitis
1086 2206 1218 2288 proferri
1241 2205 1359 2288 posse?
1381 2207 1425 2269 ud

298 2301 405 2365 urbem
427 2301 455 2366 si
477 2300 600 2382 dieitur,
630 2309 736 2384 potest
757 2301 817 2366 hoo
840 2301 927 2366 haud
950 2300 1048 2367 dubie
1068 2302 1250 2385 germanioe
1272 2303 1352 2368 verti
1374 2302 1425 2366 bei

298 2399 356 2462 der
379 2397 475 2462 stadt
495 2433 536 2444 -
559 2397 781 2482 appulsorum,
805 2399 849 2461 ud
859 2397 977 2481 sorum
998 2399 1085 2466 idem
1104 2408 1153 2466 est
1174 2398 1259 2482 quod
1282 2401 1313 2462 iu
1325 2399 1421 2481 soro,

298 2504 441 2564 attamen
461 2516 526 2560 non
550 2498 673 2579 estqui
695 2497 797 2576 dieat,
826 2497 1041 2563 accusativum
1069 2496 1171 2563 solum
1198 2498 1330 2562 loeativi
1352 2517 1424 2563 sen-

298 2615 368 2662 sum
397 2613 531 2676 usquam
561 2595 733 2677 accepisse.
778 2594 871 2660 Hane
897 2595 931 2659 in
952 2614 1020 2661 rem
1043 2594 1070 2660 si
1092 2594 1270 2660 aoouratius
1292 2595 1422 2676 inquiri-

299 2712 385 2772 mus,
414 2698 550 2774 apparet
571 2710 681 2756 eorum
704 2691 894 2773 ¹verborum,
925 2712 1007 2774 quae
1035 2697 1109 2756 sunt
1139 2712 1215 2773 uper
1242 2692 1286 2754 ud
1305 2692 1422 2770 urbem,

299 2807 427 2856 sensum
450 2787 675 2870 primigenium
697 2788 794 2854 luisse
810 2789 868 2852 der
882 2789 999 2863 Aolrer,
1022 2787 1080 2850 der
1094 2787 1160 2851 siclt
1183 2787 1230 2850 bis
1250 2809 1312 2850 zur
1328 2789 1424 2854 Stodt

299 2885 454 2969 bobzielrt3
476 2885 607 2947 semmei
619 2906 674 2948 usu
689 2886 797 2949 deuota
813 2887 910 2966 (nahe
925 2886 1010 2952 beim
1023 2886 1125 2961 Alter)
1148 2885 1229 2947 nahe
1243 2906 1311 2949 vom
1328 2886 1425 2949 Alter

301 3005 357 3047 uus
377 2981 552 3066 pereohnet.

385 3079 492 3158 Quare
519 3078 711 3144 sententiam
733 3079 876 3161 profero,
906 3099 1002 3161 quam
1030 3098 1141 3144 veram
1169 3099 1241 3145 esse
1268 3079 1424 3162 imprimis

282 3176 458 3260 ·Georgius
486 3176 627 3256 Curtius,
657 3178 808 3258 magister
835 3176 1173 3258 benevolentissimae,
1203 3178 1236 3241 in
1265 3178 1424 3260 colloquio

302 3275 379 3340 milri
401 3275 569 3357 persuasit.
599 3274 673 3338 Non
695 3274 791 3339 modo
813 3274 975 3340 ablativus
998 3274 1079 3348 (sive
1100 3274 1267 3349 looativus)
1290 3276 1424 3360 pluralis

301 3372 416 3455 effecit,
440 3379 475 3436 ut
497 3371 593 3436 etiam
611 3371 772 3437 ablativus
787 3372 959 3454 singularis
980 3373 1013 3436 in
1038 3371 1150 3454 lingua
1171 3370 1273 3436 latina
1294 3373 1425 3438 looativi

300 3472 372 3536 loeo
394 3476 609 3551 usurparetur,
633 3488 764 3550 quorum
786 3471 952 3550 utriusque
973 3487 1066 3534 ossus
1088 3468 1208 3534 formae
1230 3469 1336 3552 priore
1359 3472 1426 3553 qui·

302 3568 375 3634 dem
397 3573 541 3650 tempore
563 3565 770 3646 differebant,
794 3567 851 3632 sed
875 3567 970 3632 otiam
993 3566 1283 3649 praepositionibus
1304 3567 1426 3635 additis

302 3663 435 3730 ablativi
466 3663 514 3728 vis
545 3661 714 3728 debilitata
741 3663 976 3745 quodammodo
1009 3671 1107 3746 atque
1139 3663 1263 3728 minuta
1292 3671 1356 3745 est,
1391 3672 1426 3732 ut

303 3767 474 3844 postremo,
497 3767 666 3842 postquam
681 3759 803 3826 formae
817 3782 944 3845 quoque
958 3761 1188 3842 seiunxerunt,
1210 3760 1372 3826 ablativus
1394 3769 1427 3828 et

302 3858 459 3923 locativus
487 3856 554 3923 fere
583 3859 681 3940 plane
708 3859 905 3926 oommisoeri
934 3865 1066 3942 possent
1096 3856 1251 3938 (Curtius,
1281 3858 1427 3924 Erlaute·

303 3958 443 4037 rungen²
464 3973 537 4037 pag.
556 3957 640 4031 176).
677 3955 790 4037 ltaque
805 3956 939 4022 fortasse
954 3956 1070 4021 fautum
1086 3961 1144 4037 est,
1161 3961 1196 4019 ut
1211 3955 1246 4019 in
1261 3974 1336 4020 osea
1351 3976 1427 4038 quo·

303 4069 366 4132 que
395 4051 505 4134 lingua
530 4051 700 4133 aliquoties
728 4053 888 4119 ablativus
914 4054 1045 4119 looativi
1073 4072 1205 4118 munere
1232 4052 1427 4134 iungeretur.
