3208 4928
467 441 643 508 Quaestiones
661 441 879 510 dialectologioae
896 456 1017 508 graecae.
1078 474 1085 490 ι
1242 441 1302 502 303

263 614 358 693 Quod
380 616 455 679 eum'
473 615 519 680 ita
544 615 602 696 sit,
630 615 730 679 multo
758 615 862 697 magis
888 614 967 679 mihi
995 613 1123 679 arridet
1143 615 1304 681 sententia

179 733 298 793 eorum,
322 711 376 793 qui
398 710 558 778 adieetiva
580 711 638 778 illa
659 713 693 777 in
715 735 807 798 ηρος,
830 711 921 797 plor,
944 718 1034 795 ᾶρος,
1061 710 1140 788 ᾶλος
1161 712 1203 777 ab
1225 712 1304 795 ipsis

178 809 288 876 verbis
310 811 482 876 oontraotis
503 810 538 874 in
559 814 632 887 -έω,
663 808 731 872 -άω
763 808 959 876 deseendere
982 809 1182 890 existimant,
1212 828 1304 892 prae·

179 907 288 974 sertim
311 925 382 972 oum
404 913 459 972 aut
488 907 606 991 paria
634 912 702 972 aut
732 906 889 972 similia
911 908 952 972 in
982 905 1169 972 omnibus
1191 925 1304 989 repe·

179 1005 508 1088 rianturlinguis
528 1004 889 1088 indogermaniois.
919 1004 1016 1072 Velut
1031 1004 1206 1070 Gorssenus
1221 1008 1302 1082 (voe.
1429 1029 1439 1040 ‘

178 1101 286 1179 1304)
309 1099 400 1168 dioit:
422 1102 632 1180 „Zalreioben
654 1101 838 1186 Bildungen
859 1102 1065 1169 lateinisoher
1086 1100 1227 1182 nomina,
1252 1100 1304 1166 die

179 1219 237 1264 vor
253 1198 357 1264 ihrem
373 1199 620 1266 Nominaleulfix
635 1200 729 1266 einen
751 1199 872 1281 langen
887 1199 1028 1271 Voeala
1054 1206 1080 1272 o,
1104 1209 1127 1270 a,
1151 1208 1182 1271 u,
1206 1211 1217 1262 ῑ
1238 1197 1304 1262 aul-

178 1296 308 1376 weisen‚
331 1296 439 1380 liegen
454 1298 595 1365 namlioh
611 1295 851 1364 denominative
865 1295 973 1364 Verba
987 1317 1025 1360 zu
1040 1295 1182 1374 (almodo,
1204 1293 1304 1362 deren
1337 1321 1339 1326 ·

77 1475 79 1478 .
179 1394 322 1460 Stamme
342 1394 399 1460 auf
424 1397 454 1469 ᾶ,
480 1405 496 1458 o
518 1402 578 1462 eto.
600 1395 788 1476 auslauten,
816 1394 906 1460 nieht
933 1395 982 1460 als
1008 1393 1048 1458 ob
1075 1391 1186 1476 jedem
1208 1392 1304 1474 jener

179 1491 320 1557 Nomina
333 1491 367 1556 in
382 1491 613 1560 Wirkliohkeit
629 1492 791 1575 jedesmal
813 1497 878 1558 erst
899 1492 952 1556 ein
974 1491 1100 1560 solohes
1118 1489 1304 1556 denomina-

178 1589 260 1654 tives
289 1588 430 1656 Verbum
457 1609 730 1674 vorangegangen
758 1597 861 1672 ware,
895 1588 1035 1655 sondern
1062 1586 1222 1654 naohdem
1251 1586 1305 1653 die

127 1769 132 1775 ¹
179 1691 323 1775 Spraohe
344 1689 465 1754 einmal
486 1687 690 1771 angelangen
712 1688 810 1768 hatte,
832 1704 897 1752 von
918 1686 1046 1772 einigen
1069 1685 1176 1752 dieser
1196 1685 1306 1752 Verba

180 1788 290 1855 solohe
305 1787 445 1852 Nomina
462 1807 502 1851 zu
523 1785 644 1868 bilden,
667 1784 802 1852 worden
822 1784 906 1850 naolr
921 1783 1081 1866 Analogie
1103 1781 1209 1850 dieser
1229 1784 1305 1850 letz-

179 1893 271 1954 teren
292 1884 499 1951 unmittelbar
521 1883 624 1967 dergl.
647 1883 788 1949 Nomina
809 1880 985 1965 gebildet.“
1014 1881 1088 1946 Tali
1107 1875 1186 1947 'vero
1207 1879 1304 1947 modo

166 2003 200 2074 ¹a
217 1981 325 2049 verbis
345 1982 379 2048 in
402 1993 454 2044 ere
475 1981 611 2047 formata
633 1986 707 2047 sunt
728 1999 757 2048 e.
772 2000 804 2063 g.
826 1979 955 2044 candela
970 2000 978 2043 ι
994 1977 1137 2050 euadere,
1161 1978 1305 2043 medela:

179 2079 301 2144 saedere·
320 2085 379 2146 ete.
412 2078 451 2144 ol.
474 2079 660 2146 Sehleioher
681 2081 802 2161 oomp2³
824 2079 843 2158 ξ
867 2081 939 2142 220.

264 2176 437 2242 Latissime
451 2176 566 2242 suffixa
580 2199 628 2251 ra,
653 2177 684 2240 lu
706 2179 767 2255 (ed,
791 2176 835 2253 ld)
857 2195 916 2260 per
938 2175 1122 2241 slavioas
1137 2172 1305 2256 divulgata

181 2280 255 2340 sunt
283 2274 420 2356 linguas.
464 2275 503 2338 In
531 2274 597 2340 illis
627 2273 711 2339 enim
735 2271 848 2338 suffixo
871 2272 903 2336 la
925 2272 967 2338 ab
990 2289 1183 2355 unaquaque
1204 2271 1306 2354 stirpe

181 2370 306 2437 verbali
335 2369 447 2452 partio.
470 2376 570 2452 praet.
600 2377 661 2436 aot.
683 2370 821 2435 formare
838 2367 927 2434 lioet.
959 2368 999 2432 ol.
1022 2368 1108 2450 bulg.
1131 2367 1221 2430 ‹ia-lo
1252 2368 1306 2449 qui

183 2467 282 2549 dedit,
304 2464 417 2550 pelo-ld
440 2467 494 2548 qui
517 2467 617 2548 ooxit,
641 2466 735 2550 prr-ld
758 2466 812 2548 qui
833 2464 957 2531 eeoidit.
1001 2463 1187 2547 Comparari
1209 2463 1306 2546 igitur

182 2570 318 2648 possunt
350 2581 376 2628 e.
400 2582 431 2645 g.
463 2558 644 2647 {dri-jeu
668 2583 689 2629 a
713 2558 804 2626 itura
827 2587 834 2627 :
857 2557 976 2625 sterila
1003 2590 1046 2612 =
1073 2558 1257 2646 *moptjera
1284 2580 1306 2626 a
1359 2565 1376 2584 ⁸

184 2661 293 2748 φόρος
310 2683 317 2725 :
334 2656 487 2746 ὀκνηρός,
511 2655 628 2739 ὂκνέω,
652 2657 760 2736 ὄκνος.
789 2687 793 2694 ·
1092 2655 1094 2661 ’

267 2756 486 2843 Optimerero
500 2763 610 2824 nostra
633 2756 756 2825 de'lrao
776 2776 812 2823 re
826 2754 990 2823 sententia
1011 2774 1049 2822 eo
1070 2755 1306 2838 eomprobatur,

182 2855 268 2939 quod
289 2855 323 2921 in
346 2854 596 2922 sanseritiea
618 2873 744 2938 quoque
766 2854 892 2942 lingua,
921 2853 955 2919 in
976 2853 1154 2920 reeentiore
1179 2851 1304 2933 saltem,

181 2951 343 3020 interdum
370 2971 391 3017 a
418 2952 525 3039 verbis
552 2954 646 3020 olaus.
673 2952 706 3019 X
735 2958 778 3018 et
795 2951 841 3017 IV
876 2951 1004 3036 syllaba
1032 2949 1067 3034 α]
1094 2956 1223 3017 servata
1249 2948 1306 3015 ad·
1401 2957 1405 2964 '

181 3051 299 3119 ieotiva
327 3051 362 3115 in
391 3049 458 3113 -dla
487 3049 673 3117 derivantur
702 3069 728 3116 e.
755 3069 786 3134 g.
815 3048 936 3134 pojdlrts
961 3045 1036 3134 roi
1061 3048 1305 3129 somniculosus,

181 3145 361 3232 appbojc'rlda
382 3145 501 3232 Vappla
523 3148 649 3236 avidus.

267 3245 307 3309 In
339 3242 399 3310 boo
430 3246 526 3328 igitur
558 3264 664 3311 rerum
692 3250 778 3311 statu
812 3243 1006 3311 eontendere
1035 3265 1101 3310 non
1129 3242 1241 3308 dubito
1270 3241 1305 3307 in

182 3361 300 3426 graeoa
322 3359 447 3424 quoque
468 3340 580 3423 lingua
601 3341 763 3424 quondam
791 3342 1002 3407 verborum
1029 3339 1304 3406 derivatorum

183 3439 403 3522 stirpibus,
427 3443 462 3502 ut
483 3458 569 3504 nova
591 3438 749 3520 quaedam
772 3436 933 3504 adieetiva
955 3443 1129 3517 orerentur,
1152 3435 1306 3502 suffixa

184 3561 245 3621 po,
268 3536 314 3600 to
329 3554 430 3614 ¹esse
451 3534 603 3602 addita.
641 3535 788 3601 Proxime
809 3542 927 3618 autem,
951 3533 1036 3616 quod
1058 3533 1187 3617 quidem
1209 3532 1306 3615 signi·

183 3634 362 3700 litationem
390 3633 522 3716 attinet,
558 3634 601 3700 ad
632 3633 718 3700 huno
746 3639 863 3699 statum
891 3630 1049 3698 aeoedunt
1082 3630 1243 3697 adieetiva
1270 3637 1305 3696 ut

183 3728 352 3818 ἅλιτηρός,
375 3725 549 3817 ἆπατηλός
564 3731 685 3811 (hom),
709 3728 904 3818 ὀλισθηρός,
930 3725 1071 3815 ὀκνηρός
1086 3736 1146 3795 eto.
1176 3728 1308 3796 Seilioet

183 3830 342 3897 historiole
363 3847 499 3913 graooae
523 3830 653 3912 linguae
674 3829 871 3912 temporibus
891 3829 1037 3894 homines
1059 3846 1155 3895 verae
1176 3826 1304 3892 illorum

184 3927 412 3994 adieetivorum
446 3925 578 4008 originis
606 3925 697 3992 obliti
729 3925 833 4008 ipsam
866 3927 1010 3991 vooalem
1045 3951 1062 4010 η
1091 3945 1161 3990 eum
1191 3923 1305 3992 suffixo
1382 3995 1384 3998 ,

185 4024 440 4108 coniungendam
464 4043 535 4096 esse
557 4023 677 4108 opinati
700 4030 768 4089 tota
787 4022 846 4088 illa
868 4046 930 4108 ηρο
955 4031 987 4089 et
1008 4024 1068 4110 pto
1092 4043 1111 4088 a
1132 4023 1240 4089 verbis
1262 4022 1304 4088 ad
1410 4081 1413 4085 ,
