3226 4948
257 463 320 524 412
780 460 857 529 Ruge

344 636 482 718 vesperi,
513 654 656 718 verpere,
680 635 826 717 tempera,
849 642 1003 716 tompore,
1027 631 1112 704 heri,
1135 631 1200 692 luci
1220 630 1307 708 (vide
1330 652 1384 698 ex-

258 734 366 818 empla
388 751 470 815 quae
493 731 684 813 Corduenus,
708 731 911 814 Ausapraohe
934 730 958 810 Ι,
982 733 1055 811 775,
1078 724 1175 810 at'que
1196 729 1384 795 Lorentzius

257 833 291 897 in
307 831 383 898 odit.
401 829 620 896 Mostellariae
634 848 664 892 v.
681 833 744 894 534
766 829 986 911 collegerunt),
1010 828 1102 900 tonui,
1125 845 1216 888 mone
1234 825 1382 908 (Curtius,

258 927 417 995 Grundz.4
438 948 469 1010 p.
482 930 567 1004 329).
597 927 758 1009 Exempla
778 926 858 992 meri
881 924 1016 990 ablativi
1039 924 1225 1007 temporalis
1247 923 1385 990 afferan-

258 1034 308 1092 tur
331 1027 428 1092 haoo:

337 1147 368 1220 o)
390 1142 479 1207 Solet
501 1160 615 1224 parere
638 1140 762 1206 decimo
784 1160 905 1206 menso.
935 1139 1027 1206 Coeo.
1051 1140 1096 1206 St.
1123 1146 1172 1205 14.

387 1245 481 1304 noete
510 1257 606 1302 oaeoa
634 1238 758 1303 caelum
781 1257 800 1302 e
822 1245 994 1321 conspeetu
1017 1238 1159 1303 abstulit.
1194 1237 1310 1303 Aooius
1333 1240 1384 1300 32.

387 1354 438 1402 1115
451 1335 558 1402 deoies
569 1335 622 1399 die
633 1355 696 1399 uno
707 1355 805 1418 saepe
818 1334 958 1402 extrudit
973 1334 1117 1400 aedibus.
1140 1335 1384 1416 Ρ1.4111.Ι,2,4.

387 1433 441 1516 qui
472 1433 571 1499 iliano
600 1432 757 1515 stupravit
788 1439 883 1497 noeto
912 1430 1036 1498 Cereris
1065 1431 1194 1514 vigiliis.
1239 1432 1287 1496 Pl.
1311 1430 1385 1496 Aul.

258 1531 340 1618 prol.
364 1535 416 1597 36.

346 1650 376 1727 5)
398 1645 520 1714 Addita
541 1647 780 1731 praepositione
802 1647 882 1712 haec
904 1647 1071 1729 leguntur:

388 1768 422 1833 in
444 1772 538 1832 noote
560 1785 684 1831 serena.
719 1767 802 1830 Eun.
826 1785 900 1830 ann.
924 1768 996 1830 388.

388 1861 513 1929 confido
530 1863 622 1927 iilum
634 1863 667 1927 in
679 1863 729 1929 his
742 1862 855 1928 diebus
867 1882 918 1928 me
930 1863 1198 1929 reoonoiliaasero.
1222 1860 1386 1945 05115164

261 1963 314 2042 (of.
338 1962 427 2028 Brixi
449 1960 582 2036 adnot).

389 2065 439 2124 ter
460 2057 494 2120 in
516 2077 612 2121 anno.
646 2057 762 2121 Baooh.
789 2059 881 2119 1127.

391 2175 453 2237 quo
476 2154 558 2220 veiis
579 2154 613 2217 in
635 2159 780 2237 tempore
801 2161 837 2217 ut
858 2159 891 2217 te
914 2155 1072 2220 exsolvas.
1102 2157 1175 2220 Ter.
1198 2155 1293 2219 Haut.
1313 2157 1386 2217 721.

390 2259 502 2317 uttam
514 2239 548 2314 in
560 2251 649 2316 brevi
661 2250 765 2334 spatio
778 2249 818 2315 de
830 2269 882 2315 mo
895 2250 1022 2317 eiecerit
1033 2253 1185 2318 animum.
1208 2251 1304 2316 Haut.
1313 2230 1386 2315 955.

562 2375 729 2482 Terrarum
750 2426 932 2495 urbiumque
953 2428 1084 2483 nomino.

217 2607 225 2619 ‚
348 2538 421 2618 Qua
449 2537 490 2604 de
517 2558 552 2603 re
586 2538 756 2620 agentibus
790 2539 883 2604 nobie
912 2560 991 2623 opus
1020 2547 1069 2605 eat
1100 2558 1193 2606 oaaus
1226 2540 1387 2604 variarum

261 2636 515 2705 declinationum
538 2636 705 2701 seiunctim
727 2643 873 2714 traotaro,
897 2637 972 2718 quia
987 2637 1033 2702 oio
1048 2635 1169 2719 optime
1182 2657 1259 2703 usus
1281 2635 1389 2701 unius-

262 2735 414 2817 ouiusque
435 2733 557 2799 formae
579 2734 725 2817 proprius
748 2734 966 2817 perspicietur.

392 2853 419 2916 I.
462 2853 675 2917 Terrarum
698 2851 870 2917 nomina.

241 2968 250 2977 ·
345 2956 379 3029 α)
402 2949 531 3015 Tertiae
554 2948 793 3015 declinationis:

350 3051 380 3124 a)
402 3046 470 3111 illio
491 3044 579 3128 apud
600 3065 659 3110 vos
681 3047 780 3110 servit
801 3053 915 3129 eaptus
937 3045 1041 3112 Alide.
1078 3047 1182 3111 Plaut.
1199 3043 1290 3129 Oapt.
1308 3049 1387 3128 3303

263 3144 317 3212 hio
338 3143 570 3208 Fleckeiaonus
592 3149 768 3225 praeeunte
788 3143 914 3225 Bothio‚
937 3163 1031 3226 quem
1055 3143 1150 3210 otiam
1171 3142 1317 3208 Holtziuo
1339 3162 1388 3210 se·

264 3241 372 3324 quitur
394 3243 478 3323 (pag.
492 3242 555 3321 80),
578 3241 610 3302 io
626 3239 720 3303 Alide
742 3246 852 3306 eontra
867 3239 1011 3306 oodioum
1026 3242 1246 3308 auctoritatem
1267 3239 1386 3306 soribit.

349 3337 380 3417 b)
410 3357 482 3403 eum
505 3337 653 3404 vendidit
674 3338 707 3402 in
733 3337 838 3404 Alide.
881 3337 973 3424 Capi.
996 3342 1025 3405 9.
1049 3341 1098 3404 24.
1123 3342 1194 3402 541.
1218 3342 1290 3402 544.
1313 3340 1386 3403 587.

265 3442 337 3505 634.
360 3440 433 3502 979.
455 3438 528 3500 976.
970 3517 975 3524 .

348 3533 514 3600 Aooedant
536 3533 686 3618 exempla
707 3533 841 3600 montio:

406 3633 438 3696 in
462 3631 609 3698 Sauraoti
631 3631 766 3696 habitat.
801 3631 881 3696 Cato
904 3630 981 3714 orig.
1006 3629 1195 3706 661Ρ5151).

408 3747 501 3811 quem
526 3728 622 3794 Chiro
644 3729 678 3793 in
700 3728 791 3794 Pelio
814 3728 930 3793 docuit.
964 3719 1157 3793 LivsAndr.
1181 3729 1232 3791 35.

348 3847 383 3926 β)
410 3844 436 3907 Ι.
459 3849 557 3925 atque
577 3843 619 3906 II.
642 3844 768 3909 Doolin.

350 3943 381 4017 o)
408 3939 540 4004 Nullum
563 3940 745 4023 exemplum
767 3946 881 4005 exstat.

350 4036 379 4113 5)
408 4036 441 4100 in
453 4036 592 4103 Fiooello
604 4055 721 4120 oaprae
735 4036 822 4102 ferae
839 4041 920 4101 sunt.
945 4033 1025 4100 Cato
1037 4034 1116 4118 orig.
1131 4055 1163 4118 p.
1179 4040 1214 4099 11
1229 4029 1386 4110 (Jordan).
