3218 4934
276 464 337 527 130
773 465 904 522 Bannack
952 457 958 461 ’

195 709 197 716 ,
273 639 428 725 Hosyohii
443 639 569 722 glossas
583 639 805 724 pulsauerat·
828 636 1057 722 κατεχόμενοι,
1072 636 1276 724 γηλιᾶσθαι·
1300 641 1399 703 κατέ-

270 741 407 820 χεσθαι,
429 736 639 822 γηίομένως·
664 739 956 824 συνειλημμένους,
979 736 1075 804 otiam
1089 732 1276 820 γήνεσθαι·
1299 731 1400 800 κατέ·

270 839 400 916 χεσθαι
422 833 569 913 (fortasse
591 843 650 920 pro
673 833 910 919 *γὲλ-νεσθαι,
936 835 982 899 ita
996 839 1031 898 nt
1047 829 1145 898 εἰλέω
1168 851 1209 895 ex
1230 829 1397 898 *sel-asor

273 932 429 1015 originem
451 930 572 997 habere
593 931 750 1014 videatur,
774 932 808 997 id
830 931 916 1016 quod
934 932 1134 1014 Bmgmanus
1156 927 1316 1014 stud.1V‚
1339 934 1398 995 122

273 1036 306 1096 εί
328 1029 453 1094 Curtius
476 1029 571 1094 Verb.
593 1029 619 1110 Ι,
643 1034 705 1096 256
728 1031 952 1106 coniecerunt).
996 1026 1061 1094 Sed
1084 1032 1119 1091 ut
1142 1025 1184 1090 ad
1207 1029 1397 1094 vocabulum

271 1123 437 1203 Ἐνυάλιος
451 1125 592 1208 redeam,
616 1123 797 1193 Ἐνοώέἰσε
813 1127 915 1192 torma
929 1124 1164 1212 hypocoristioa
1180 1131 1237 1190 est.
1277 1121 1374 1191 Ἐνυώ
1390 1150 1397 1193 z

269 1217 438 1301 Ἐνυάλιος
451 1251 495 1276 =
511 1223 687 1290 Μενεσθώ
703 1247 711 1288 :
725 1223 955 1309 Μενεσθένης
969 1252 1013 1276 =
1029 1218 1190 1306 Ἐπαφραί
1208 1245 1215 1286 :
1230 1217 1399 1308 Ἐπαφρό-

275 1321 378 1387 osvo.
1469 1335 1473 1338 “

351 1345 390 1476 ς21
430 1411 667 1485 Φίντωνος,
696 1406 781 1489 quod
810 1399 880 1472 sine
903 1405 1000 1471 dubio
1023 1427 1043 1471 a
1068 1405 1199 1471 Φίλιον
1223 1403 1397 1488 deseendit,

274 1505 480 1570 mutationem
501 1505 704 1571 Doriensium
726 1506 887 1589 propriam
909 1504 999 1582 (Ahr.
1023 1504 1064 1583 ΙΙ,
1091 1507 1164 1580 110)
1186 1522 1318 1586 passum
1341 1510 1399 1570 est.

273 1601 413 1667 Primum
437 1602 530 1668 huius
552 1603 738 1668 mutationis
760 1601 977 1668 testimonium
1000 1601 1239 1684 epigraphioum
1268 1601 1399 1666 tabulae

274 1699 506 1766 Heraoleenses
529 1689 746 1783 praebuerunt
769 1703 944 1776 (Φιντίας).
990 1697 1084 1776 Quod
1106 1699 1134 1764 is
1155 1719 1224 1764 mos
1247 1699 1344 1765 etiam
1365 1697 1399 1762 in

273 1796 467 1863 arnadioa
488 1797 694 1881 inscriptione
716 1797 887 1877 invenitur,
911 1795 1092 1861 mirandum
1113 1803 1170 1861 est.
1207 1795 1277 1874 Qua
1300 1796 1341 1862 de
1363 1813 1398 1860 re

273 1894 408 1961 fortasse
430 1894 491 1960 hoo
514 1893 609 1958 modo
631 1894 836 1960 iudicandum
853 1898 912 1973 est,
935 1900 970 1957 nt
991 1893 1050 1958 hoo
1065 1912 1239 1972 nomenex
1261 1893 1399 1960 dialeoto

273 1991 383 2056 doriea
411 1993 444 2055 in
474 1990 634 2056 Arcadum
663 1991 794 2055 nomina
822 1990 1068 2072 transmigrasse
1097 1990 1249 2056 dieamus.
1294 1990 1401 2072 Aptis-

276 2089 356 2154 sime
378 2089 439 2152 hau
461 2107 532 2152 oum
554 2089 731 2152 mutatione
753 2088 931 2170 comparari
953 2094 1058 2170 potest
1078 2089 1260 2151 'Pnaoonum
1284 2112 1302 2170 ρ
1326 2088 1359 2150 in
1382 2112 1399 2150 ν

274 2185 420 2250 mutandi
442 2203 521 2266 mos,
545 2185 633 2250 ouius
656 2185 845 2268 exemplum
863 2191 911 2249 est
932 2205 997 2250 vox
1017 2184 1200 2266 μοονταλία
1221 2204 1292 2249 oum
1316 2185 1403 2267 laon-

174 2311 184 2339 ι
273 2285 345 2349 nino
358 2281 514 2348 vocabulo
532 2284 693 2368 μορταλίς
712 2283 839 2348 oollata.
874 2281 921 2346 Ol.
930 2281 1092 2364 Brugman
1103 2281 1274 2364 sauvss,
1284 2284 1345 2346 355
1353 2300 1400 2364 sq.

275 2379 380 2446 Simili
395 2377 490 2444 modo
505 2378 591 2446 aliae
606 2379 754 2446 dentatos
769 2385 1018 2446 commutantur:
1041 2380 1086 2445 ita
1100 2381 1119 2444 λ
1134 2400 1191 2462 pro
1206 2378 1267 2444 (lin
1283 2379 1399 2462 glossis

274 2476 406 2553 λίσκος·
432 2475 548 2553 δίσκος
571 2485 602 2543 et
624 2472 884 2562 ἄποπηλαίσειν
909 2472 1153 2562 ἄποπηδαίσειν
1177 2483 1356 2561 usurpatur.
1460 2518 1465 2522 -

359 2576 390 2648 31
433 2574 559 2640 Nomen
589 2595 696 2659 propr.
720 2571 962 2656 Κάβ-αισος
992 2574 1079 2644 (vide
1104 2582 1132 2655 1,
1162 2578 1191 2650 e)
1220 2582 1333 2659 aperte
1358 2593 1399 2640 ex

274 2671 474 2756 Κάβ-αιθος
488 2677 599 2737 natum
614 2678 674 2738 est.
711 2669 865 2738 conteras
880 2667 1176 2750 νοίίιοὌν-αιθος,
1195 2669 1398 2751 Κύναιθος,

276 2769 473 2846 ott-araon.
510 2766 616 2835 Etiam
632 2771 671 2832 A
678 2766 781 2834 ’ίσων
797 2769 898 2849 3381),
917 2774 966 2850 11,
989 2768 1039 2834 oui
1055 2770 1157 2848 35211,
1181 2774 1221 2834 50
1244 2772 1283 2832 A
1290 2767 1399 2833 loon

273 2865 458 2951 respondet,
481 2866 542 2931 hoo
563 2866 658 2932 modo
681 2872 787 2947 potest
809 2865 973 2948 explicari.
1011 2864 1108 2932 Ouios
1130 2866 1232 2932 moris
1250 2866 1400 2950 exempla

272 2983 371 3048 supra
393 2962 568 3028 attulimus.
913 2971 918 2979 ·
1161 3026 1164 3030 y

361 3065 392 3134 4)
430 3058 515 3124 Urbs
540 3060 740 3142 Φιγαλία,
772 3079 834 3141 quo
857 3059 986 3124 nomine
1011 3061 1204 3143 ,plerumque
1225 3080 1246 3125 a
1268 3060 1400 3144 seriptu-

275 3157 363 3223 ribus
385 3155 577 3239 nominatur,
610 3156 643 3221 in
666 3156 760 3222 inser.
785 3159 875 3222 oasa
900 3157 1043 3222 Φιαλεία
1065 3157 1196 3240 eiusque
1218 3158 1343 3224 inoolae
1367 3155 1401 3221 οἱ

277 3251 421 3330 Φιαλέες
438 3259 480 3326 (v.
498 3257 546 3335 19,
569 3273 635 3320 aoo.
654 3251 803 3330 Φιαλέας
817 3273 864 3320 vs.
884 3258 932 3336 15,
954 3259 1005 3336 26,
1031 3254 1095 3320 dat.
1114 3252 1274 3332 Φιαλέοις
1295 3275 1342 3320 vs.
1361 3259 1397 3318 11

275 3359 308 3421 et
329 3356 383 3430 21)
406 3352 620 3435 appellantur.
663 3352 713 3444 De
736 3352 932 3436 etymologia
956 3353 1095 3418 nominis
1117 3352 1164 3416 nil
1187 3354 1264 3418 oerti
1286 3352 1402 3418 afferre

274 3469 415 3535 possum.
451 3448 490 3514 Id
511 3457 620 3516 tamen
642 3470 700 3533 pro
714 3455 808 3535 perte
831 3450 1061 3535 proposuerim,
1087 3450 1234 3534 Φιγαλία
1256 3468 1328 3516 esse
1348 3469 1403 3514 ve-

274 3547 438 3614 tustiorem
467 3546 601 3612 formam
631 3567 726 3630 quam
751 3545 887 3612 Φιαλία.
932 3545 1117 3632 Comparari
1146 3553 1281 3632 possunt
1306 3569 1402 3631 σιγα-

145 3645 154 3653 “
275 3643 367 3723 λόεις
382 3653 414 3711 et
430 3645 556 3723 σίαλος,
581 3640 693 3728 ὀλίγος
709 3651 741 3712 et
755 3644 1002 3711 Tarentinorum
1018 3641 1121 3724 ὀλίος,
1145 3643 1230 3729 ἐγών
1246 3651 1278 3711 et
1296 3645 1401 3711 boeot.

275 3743 377 3810 forma
407 3739 477 3820 ἰών,
511 3736 658 3827 ἆγήγοχα
689 3748 721 3810 et
749 3739 877 3828 ἀγήοχα
907 3741 1006 3820 (Ourt.
1036 3743 1160 3826 styma
1180 3745 1268 3824 599,
1305 3742 1401 3809 Verb.

276 3839 319 3919 H,
348 3843 482 4013 agane
509 3901 731 4004 vocalium·¹
741 3937 1046 4004 attenuationis
1068 3936 1226 4020 exemplis
1248 3955 1403 4003 memora-

276 4032 396 4100 bilibus
418 4033 494 4101 vide
515 4053 612 4118 sopra
634 4054 666 4118 p.
688 4037 739 4101 83.
790 4033 920 4102 Vooalis
943 4059 959 4100 ε
982 4035 1016 4100 in
1039 4058 1052 4099 ι
1073 4035 1252 4101 attenuatio
1274 4035 1339 4100 iam
1363 4053 1404 4102 ex
