3218 4934
595 475 717 530 schedae
735 475 935 544 grammaticae.
1286 469 1323 534 81

203 667 300 715 44444
321 648 450 731 glossae
471 646 756 729 interpretamento
778 644 939 711 adiectum
958 663 1041 735 esse,
1064 645 1150 727 quod
1171 664 1328 728 gramma-

202 745 282 810 ticus
314 743 516 828 participium
545 739 673 819 εὐαλώς
701 762 772 808 cum
802 729 838 807 si
861 762 932 809 esse
954 743 1164 826 compositum
1193 742 1327 825 putavit.

288 839 434 908 Ceterum
466 859 531 906 non
554 838 754 905 infitiandum
777 848 826 906 cst
847 840 963 906 rectius
986 841 1121 906 tortasse
1143 835 1271 915 εὐαλῶς
1293 839 1326 903 in

203 926 240 1002 εὖ
262 933 351 1015 danic
373 939 500 1004 mutari.

286 1035 326 1099 H.
372 1035 521 1102 Gulussam
544 1031 724 1118 ὄψερον·
755 1030 949 1118 ὕστερον·
980 1031 1106 1099 πάλιν
1133 1030 1327 1098 Schmidtius

201 1130 414 1197 addubitavit.
458 1132 524 1198 Sed
558 1150 597 1198 44
629 1131 764 1197 tortasse
797 1132 857 1197 hoc
892 1131 987 1196 modo
1015 1131 1131 1214 poterit
1161 1129 1326 1213 explicari.

202 1227 245 1293 Ut
274 1225 446 1313 ἄψορρος,
476 1248 611 1312 quocum
640 1229 774 1311 quisque
802 1246 913 1294 vocem
939 1228 1035 1294 facilc
1062 1227 1275 1310 comparabit,
1306 1246 1327 1292 a

200 1323 270 1389 rad.
293 1346 341 1398 or,
377 1345 423 1407 gr.
448 1323 496 1408 ἕρ,
531 1327 584 1392 val
615 1326 731 1392 rectius
759 1345 779 1391 a
808 1323 916 1391 radice
947 1324 1234 1391 desiderativorum
1264 1324 1327 1390 suf·

200 1419 263 1487 fixo
287 1443 308 1487 σ
329 1421 525 1505 amplificata
556 1418 648 1507 ὀρσ,
677 1423 766 1489 cuius
788 1441 829 1488 ex
852 1420 924 1487 aliis
946 1421 1065 1504 linguis
1087 1421 1269 1487 testimonia
1291 1421 1325 1486 iu

197 1517 299 1584 Curtii
322 1520 429 1602 Etym.
450 1539 482 1602 p.
500 1523 561 1584 546
584 1519 719 1590 collecta
740 1523 825 1599 sunt,
849 1518 1029 1584 derivatum
1052 1526 1101 1584 est
1123 1514 1326 1603 (ἄψ-ορρ-ος

199 1635 258 1699 pro
282 1613 506 1701 ἄψ-ορσ-ο-ς,
529 1616 584 1681 cir.
607 1615 895 1700 παλίν-ορσ-ο-ς),
918 1615 964 1680 ita
987 1610 1153 1699 ἄψ-ερ-ον
1176 1626 1201 1679 4
1217 1613 1327 1680 radice

200 1733 264 1777 uon
279 1710 475 1796 amplificata
490 1711 687 1780 descendere
699 1713 826 1779 videtur
840 1718 872 1779 et
887 1711 1024 1778 eandam
1036 1711 1180 1777 vocalem
1192 1713 1327 1795 praebet

187 1821 294 1893 'quam
317 1808 435 1876 radicis
458 1810 628 1892 caiuma,
653 1828 735 1892 quae
757 1809 791 1873 in
809 1807 985 1894 i'pg-opcc
1001 1808 1203 1893 conspicitur.
1234 1809 1327 1876 Glos-

199 1928 268 1974 sam
291 1914 397 1973 autem
420 1908 466 1972 ita
480 1908 508 1973 si
526 1907 734 1991 explicamus,
759 1905 965 1972 difficultates
987 1925 1097 1972 omnes
1119 1913 1325 1973 evanescunt.

199 2006 304 2087 Atque
327 2005 683 2088 interpretamentorum
705 2003 987 2087 significationum
1009 2004 1138 2088 glossae
1152 2005 1185 2069 vi
1207 2004 1326 2087 optime

199 2103 370 2187 conspirat.
523 2114 542 2176 2

284 2201 310 2264 Ι.
354 2197 580 2283 dydimam·
610 2194 761 2280 ἀστέρες.
805 2197 840 2263 Si
866 2198 992 2280 glossas
1021 2198 1185 2282 γέλ-αν·
1219 2194 1324 2286 αὐγήν

197 2292 303 2380 ἡλίου,
333 2294 576 2381 γελοόυνία·
609 2291 796 2380 ἡλιοδυσία,
824 2294 980 2378 ysicio·
1011 2293 1173 2378 λάμπειν·
1203 2293 1324 2361 ἀνθεῖν

197 2393 318 2476 (ysicio
336 2417 343 2457 :
359 2393 440 2476 γέλα
454 2421 497 2444 =
512 2389 626 2476 αὗγεῖν
649 2386 785 2478 zozimi),
807 2391 925 2473 βέλα·
949 2389 1044 2478 ἥλιος
1067 2393 1122 2458 καὶ
1146 2385 1230 2479 αὐγὴ
1254 2389 1324 2458 ὑπὸ

199 2487 388 2562 Λακώνων,
413 2485 686 2570 βελλάσεται·
718 2483 950 2572 ἡλιωθήσεται
980 2493 1031 2568 [cx
1052 2486 1323 2570 *βελ-νά-σεται,

198 2583 475 2669 414βὲρ-να-μαι
504 2583 602 2659 (Oura.
628 2583 720 2649 Verb.
743 2584 775 2665 I,
809 2586 897 2663 171),
931 2583 1154 2669 μάρ-να-μαι,
1183 2585 1326 2671 βαρ-νά-

197 2706 309 2764 μενον.
354 2682 490 2747 Ahrens.
513 2682 555 2762 II,
580 2680 960 2766 4614144βελασῆται],
993 2680 1010 2746 'a'
1017 2671 1111 2743 1-4·Ι
1127 2679 1232 2766 ἥλιος,
1258 2681 1325 2748 ἐλ-

198 2785 315 2844 ἇταν·
338 2773 508 2861 uitandam,
532 2773 740 2844 col-otoo·
763 2773 896 2862 εὖήλιον
920 2796 1157 2862 comparamus,
1180 2798 1245 2844 vox
1266 2779 1325 2845 illa

197 2897 254 2960 pro
284 2875 538 2960 ἒ-γέλ-ωται
566 2875 587 2939 1.
611 2894 638 2941 4.
666 2871 922 2940 asca-ovat
952 2874 1005 2950 (de
1033 2874 1147 2941 suiiixo
1179 2875 1233 2941 cfr.
1257 2872 1325 2941 oin-

197 2972 356 3060 ηλιώτης)
383 2992 455 3040 csse
485 2979 517 3040 ct
543 2973 732 3039 locantes
765 2969 945 3052 significare
975 2971 1111 3038 videtur.
1163 2968 1324 3040 c'vocalis

197 3067 247 3138 cst
267 3071 455 3156 prothetica.
500 3071 550 3136 De
571 3069 679 3136 radica
700 3068 775 3135 vida
798 3067 885 3134 Ocrt.
909 3070 1032 3152 Etym.⁴
1055 3073 1127 3135 541.

282 3168 324 3232 Κ.
374 3166 427 3234 Ad
458 3168 599 3251 glossam
633 3163 765 3243 ὅττις·
805 3162 932 3250 ὄψεις
966 3167 1051 3231 hanc
1083 3165 1323 3235 adnotationem

178 3263 394 3330 'Schmidtius
426 3263 611 3347 adscripsit:
656 3263 817 3346 „Ionice“,
853 3263 972 3346 inquit,
1005 3283 1083 3347 „pro
1116 3261 1226 3341 ὅττιες
1260 3265 1324 3331 1141

198 3359 439 3426 contendebant
461 3360 565 3426 Kocn.
587 3359 630 3425 ad
653 3359 749 3442 Grcg.
773 3360 843 3426 Gor.
873 3381 904 3444 p.
929 3365 991 3426 475
1021 3368 1053 3427 et
1074 3361 1225 3426 Albertus
1246 3363 1323 3427 Ara·

199 3463 272 3524 1444
288 3455 434 3539 Oappad.
449 3456 492 3536 ΙΙ,
512 3461 549 3521 13
571 3476 603 3538 p.
619 3459 670 3537 70,
687 3459 726 3520 27
750 3457 800 3520 cui
823 3477 908 3522 nunc
929 3478 986 3541 pro
1010 3455 1120 3534 ὄττιες
1135 3453 1323 3539 ἄγλυώδεες

198 3553 358 3620 redditum
388 3558 438 3619 cst
466 3548 578 3636 ὄψεις.
622 3553 659 3616 L.
689 3542 813 3631 circem
864 3554 1065 3637 Quamquam
1093 3554 1189 3636 igitur
1214 3554 1324 3636 glossa

197 3650 304 3717 adhuc
325 3650 468 3717 exomni
490 3655 582 3732 parta
603 3657 752 3734 corrupta
773 3659 823 3718 est
840 3657 968 3735 putata,
990 3659 1098 3717 tamon
1121 3650 1190 3716 sive
1213 3645 1322 3730 ὄντας
1392 3710 1396 3716 .

198 3744 317 3833 ὄψεις,
347 3746 497 3813 arcadica
519 3746 622 3812 forma
643 3753 824 3831 opacat-9
851 3741 961 3827 (ctiam
982 3752 1167 3833 τρι-οπί-ς)
1193 3748 1321 3831 collata,

197 3845 266 3912 sive
289 3841 396 3922 ὅττις·
420 3840 504 3928 ὄψις
526 3844 630 3910 mavis
651 3844 769 3928 legare,
792 3846 926 3912 verbum
949 3842 1040 3923 dcccc
1061 3845 1132 3912 sina
1153 3845 1221 3912 ulla
1243 3845 1322 3911 diffi-

198 3943 317 4009 cultata
339 3962 380 4009 ex
401 3937 557 4019 *cx-acc
579 3942 645 4021 (cir.
662 3937 745 4026 iimcc
766 3943 788 4008 i.
806 3961 834 4008 a.
858 3937 1008 4021 ὂπ-σι-ς)
1029 3948 1135 4027 potest
1155 3943 1321 4028 explicari.

197 4038 288 4118 Quae
309 4038 437 4122 quidam
460 4059 669 4105 consonarum
690 4039 879 4106 assimilatio
901 4040 1019 4107 cretica
1040 4040 1239 4124 potissimum
1262 4048 1320 4123 est,

250 4140 351 4181 cccmus
364 4151 385 4180 u.
400 4140 523 4187 Buconnu.
538 4139 631 4182 Studien
644 4140 668 4180 X.
1101 4145 1115 4194 fi
