3218 4934
614 466 736 522 Schedae
753 469 952 536 grammaticas.
1308 469 1347 529 85

222 643 337 721 gentes
359 636 611 703 attenuationem
633 639 781 704 vocabuli
804 637 891 716 θεός
913 640 946 705 10
962 638 1045 718 θιός
1067 640 1164 707 luisse
1187 640 1348 707 usitatam.

223 734 363 799 Maxime
385 732 516 799 valebat
536 734 566 800 is
584 753 656 800 mos
669 735 756 818 apud
771 730 929 819 Laconas,
952 735 1122 804 Cretenses
1145 738 1284 822 (Helbig,
1309 739 1350 805 de

225 831 301 897 dial.
323 837 400 896 eret.
422 851 454 914 p.
479 835 519 912 7),
551 830 687 917 Cyprios
707 833 813 913 (Stud.
836 834 898 899 VH
919 855 951 918 p.
977 837 1060 915 150),
1083 835 1222 902 Boeotos
1245 834 1349 907 (Stud.

223 928 271 994 IX
293 948 324 1011 p.
342 931 403 1004 20).
442 927 527 994 Dein
549 930 582 993 in
604 931 718 1013 argiva
732 930 950 1015 inscriptione,
973 951 1069 1015 quarn
1084 931 1272 998 Foucsrtins
1290 935 1349 997 108

223 1023 334 1106 edidit,
342 1020 508 1105 Ἴσχυλλος
524 1028 656 1103 &tomos
667 1035 946 1112 commemoratum
965 1032 1061 1113 Θίοψ
1073 1035 1122 1094 est
1132 1027 1222 1112 pro*
1232 1032 1350 1113 dle-op

222 1122 277 1188 cfr.
304 1118 434 1209 Θεόπη,
464 1120 612 1205 Ait-op,
645 1129 811 1210 Φαῖν-οψ.
855 1128 937 1191 Turn
961 1125 1140 1193 Messenius
1162 1125 1293 1209 quidam
1315 1127 1350 1192 in

223 1219 382 1285 Foucartii
411 1219 505 1284 inser.
529 1222 591 1285 318
616 1218 798 1303 Θιόοιμος
822 1224 1016 1307 appellatur.
1061 1222 1140 1288 Cum
1162 1223 1231 1290 eius
1253 1223 1350 1288 moris

222 1317 360 1398 vestigia
386 1314 473 1399 apud
496 1317 673 1386 Messenios
700 1319 774 1385 aliis
802 1319 847 1386 in.
865 1319 1047 1386 nominibus
1073 1340 1138 1385 non
1160 1325 1349 1404 appareant,

222 1412 411 1478 Foucartius
439 1413 553 1477 mirum
582 1414 617 1478 in
645 1415 774 1480 modum
804 1415 987 1482 adnotavit:
1024 1417 1293 1500 ,particuliereb
1317 1416 1352 1482 10

223 1508 354 1591 Βο0110;
383 1510 466 1576 mais
487 1510 511 1574 il
533 1518 582 1576 est
604 1510 665 1576 lort
687 1512 829 1596 possible
856 1531 918 1594 que
939 1513 1170 1595 quelques-uns
1191 1512 1249 1579 des
1271 1514 1351 1578 Beo-

221 1607 307 1672 tiens
329 1625 364 1672 se
386 1606 491 1673 soient
512 1606 591 1675 fixas
613 1607 695 1674 dans
723 1608 756 1675 le
784 1613 899 1693 pays.“
943 1609 986 1674 nt
1007 1610 1042 1675 id
1066 1610 1161 1675 nobis
1183 1607 1351 1675 offensioni

223 1722 380 1771 essenon
402 1711 517 1788 potest.
561 1705 727 1772 Postremo
749 1706 782 1771 in
806 1705 957 1789 delphico
979 1725 1106 1789 quoque
1127 1706 1231 1788 titulo,
1256 1725 1351 1788 quem

222 1802 269 1866 Le
292 1801 361 1866 Bas
388 1801 422 1866 in
456 1801 539 1867 libro
569 1802 623 1884 qui
658 1802 843 1868 inscribitur
876 1803 1102 1888 „inscriptions
1136 1822 1290 1886 grecques
1320 1809 1352 1868 et

223 1898 362 1964 latines“
385 1897 497 1980 edidit,
525 1900 598 1980 059,
622 1901 639 1961 7
665 1903 750 1964 brois
771 1901 898 1982 legitur.

308 1996 406 2060 Porro
430 2014 470 2060 ex
492 1995 549 2059 illo
571 1993 654 2071 οιός
683 1994 997 2074 100100001100,
1029 2001 1065 2061 01
1094 2001 1166 2078 -βις
1195 2014 1236 2061 ex
1257 1996 1351 2078 -prog‘

222 2092 255 2157 in
271 2089 411 2176 Πάμβις
426 2090 514 2170 (vide
528 2098 648 2177 supra),
668 2091 825 2176 Κλεόβις,
837 2087 1034 2179 Ἀριστόβις
1049 2092 1153 2175 (11010,
1175 2087 1353 2158 Personen·

222 2208 340 2255 namen
363 2209 394 2272 p.
420 2192 493 2266 106)
516 2196 563 2271 et,
593 2196 629 2255 ut
652 2190 809 2256 nonnulla
829 2211 916 2256 nova
938 2191 1089 2273 exempla
1110 2189 1259 2272 afferam,
1288 2189 1352 2256 He·

223 2286 326 2370 sychii
341 2288 411 2351 σίν·
433 2281 494 2370 τήν
511 2283 636 2372 σεμνήν
652 2305 693 2352 ex
708 2284 789 2352 θιόν
807 2282 859 2369 (ἡ),
876 2285 972 2366 θεόν,
994 2305 1093 2369 quare
1108 2287 1243 2353 laconici
1260 2284 1351 2372 ἱερο-

106 2469 107 2474 Ὶ
224 2380 329 2468 φόροι
350 2382 384 2446 10
414 2380 508 2448 inscr.
535 2383 698 2458 Foucartii
722 2391 754 2449 01
776 2383 835 2448 τὸν
863 2385 916 2450 civ
943 2387 1055 2471 φέρων
1082 2376 1262 2466 Εὐδαίμων
1284 2383 1370 2467 qui·

224 2476 300 2542 dam
324 2478 428 2549 (163b
450 2480 504 2554 40)
532 2485 565 2543 01
588 2477 641 2543 σὶν
665 2484 779 2565 φέρων
802 2486 881 2558 (000
904 2483 1083 2567 σινφέρων,
1106 2486 1141 2544 01
1163 2480 1352 2546 Foucartius

223 2575 306 2650 vult)
326 2570 500 2661 Ἀγιτέλης
522 2574 652 2656 quidam
667 2579 768 2653 (1630
784 2579 838 2654 17)
858 2577 1073 2657 nominantur,
1096 2611 1139 2622 —
1152 2582 1188 2641 01
1205 2575 1294 2640 16311
1310 2581 1349 2641 51

151 2671 154 2680 “
224 2670 379 2748 Πλοῦτος
402 2668 439 2752 ἐξ
460 2663 726 2756 Εὗρυβανάσσας
752 2670 919 2758 σιοφόρος
948 2670 1064 2737 dicitur
1085 2692 1142 2755 —3
1172 2671 1352 2738 laconicum

225 2765 378 2854 ὀψοποΐς
411 2767 478 2841 (cir.
502 2767 612 2851 delpb.
642 2769 821 2834 ναοποιΐου
851 2789 904 2854 00.
927 2768 1055 2835 Wesch.
1087 2775 1119 2834 ct
1146 2769 1242 2835 Fouc.
1268 2774 1295 2849 1,
1320 2772 1351 2848 6)

224 2885 265 2932 ex
294 2862 469 2950 ὀψοποιός
499 2864 589 2942 (ibid.
616 2868 700 2931 1630
722 2869 791 2950 51);
820 2885 938 2932 nomen
966 2866 1101 2952 Μολίνη
1131 2884 1171 2932 cx
1193 2863 1350 2950 Μολιόνη

222 2964 329 3042 (Paus.
354 2967 383 3047 8,
408 2966 458 3044 14,
482 2964 518 3045 0;
541 2967 571 3043 5,
595 2965 625 3044 2,
649 2965 691 3040 2).

309 3059 431 3139 Quodsi
453 3058 534 3125 illud
557 3057 644 3136 *cte
666 3059 866 3138 consideras,
891 3059 952 3124 illa
972 3057 1104 3124 nomina
1129 3061 1262 3142 Θί-βος,
1290 3060 1351 3123 Θί-

224 3162 326 3241 βρων,
359 3160 548 3240 Θί-μβρων,
582 3160 771 3242 Θί-βραχος
798 3157 919 3222 nullam
943 3155 1100 3240 praebent
1122 3155 1350 3222 difficultatem.

311 3253 349 3318 In
372 3252 554 3319 universum
578 3254 611 3318 10
632 3255 797 3319 nominum
820 3255 1056 3336 proprioruma
1077 3252 1161 3331 θεός
1184 3253 1351 3319 exordien-

224 3349 304 3414 tinm
325 3349 515 3416 formatione
537 3351 694 3415 nonnulla
716 3349 891 3434 peculiaria
905 3349 1126 3432 notabiliaque
1141 3350 1352 3415 observantur

225 3453 258 3513 et
279 3451 372 3511 10010
392 3445 476 3511 inter
490 3466 529 3511 ea
544 3446 683 3526 nomina,
706 3453 828 3530 quanta
849 3451 1042 3530 potestesse
1062 3446 1213 3529 maxime,
1235 3446 1352 3512 forma·

226 3563 295 3608 rum
310 3543 462 3609 varietas.
492 3541 706 3621 Quamobrem
730 3543 771 3609 de
793 3543 1040 3609 multiformibus
1062 3542 1246 3610 nominibus
1268 3563 1351 3609 com·

224 3640 338 3726 positis
366 3660 386 3705 a
415 3637 501 3717 θεός
533 3640 717 3707 ineuntibus
749 3641 861 3725 paucis
890 3640 1049 3705 hocloco
1081 3637 1251 3722 disseram,
1288 3661 1350 3723 quo

225 3739 319 3805 simul
343 3757 398 3820 ea,
427 3756 510 3820 quae
532 3755 631 3821 supra
658 3737 808 3822 exposui,
838 3736 942 3820 magis
964 3735 1134 3820 perspicua
1155 3736 1223 3803 lore
1245 3755 1349 3821 spero.

311 3835 441 3901 Habent
468 3834 565 3918 igitur
594 3834 756 3899 nomina
783 3832 954 3918 propria
983 3831 1227 3917 composita,
1258 3856 1351 3917 quo·

225 3953 307 3998 rum
330 3934 445 4016 prior
466 3951 563 4015 pars
585 3936 687 3997 000-
710 3937 788 4013 est,
810 3931 845 3996 in
866 3930 973 3995 fronte
993 3928 1111 3995 formas
1133 3929 1246 3998 hasce:

313 4036 343 4110 1)
383 4034 505 4109 Θεο-,
527 4029 560 4095 10
582 4028 766 4095 nominibus
788 4025 1086 4094 innumerabilibus.
