3226 4948
307 470 350 524 De
368 470 477 526 ablativi
494 470 522 524 iu
539 469 674 524 veteribus
692 469 791 538 linguis
808 469 907 524 italicis
925 470 1012 524 forma
1030 475 1057 526 et
1074 487 1126 526 usu
1144 472 1233 528 locali.
1269 469 1330 530 109
1405 535 1406 538 Ἴ

337 665 396 729 ΙΙΙ.
440 662 598 748 Lingua
620 661 763 727 latina.

195 797 197 803 ⁸
293 779 332 844 Id
355 777 440 861 quod
463 797 560 860 supra
575 777 810 842 demonstrasse
825 777 918 843 uobis
935 777 1089 858 videmur,
1112 779 1233 844 latinae
1257 798 1331 860 quo·

208 897 270 960 que
298 876 428 958 liuguae
456 895 516 940 000
545 873 764 958 confirmatum
800 877 859 942 etsi
888 876 973 942 euim
1002 877 1066 942 iam
1101 876 1331 958 antiquissimis

207 975 404 1058 temporibus
426 973 587 1038 ablativus
616 972 745 1036 locativi
773 973 843 1038 loco
872 981 1041 1056 usurpatus
1063 973 1120 1054 sit,
1150 981 1258 1039 tamen
1281 972 1332 1037 bio

208 1092 284 1138 usus
305 1070 368 1135 'illo
392 1069 520 1151 quidem
548 1077 692 1152 tempore
720 1089 810 1135 rarus
833 1077 890 1136 est.
934 1071 1211 1136 Persorutantibus
1238 1069 1331 1136 nobis

207 1169 330 1251 aliquot
350 1167 456 1232 Plauti
487 1175 518 1231 et·
540 1167 670 1232 Terenti
694 1166 826 1232 'fabulas
855 1168 915 1231 hoo
937 1168 1016 1231 miro
1042 1167 1109 1234 iere
1132 1169 1226 1234 modo
1249 1188 1333 1233 oom-

208 1267 370 1350 probatur.
415 1266 453 1328 lu
475 1263 581 1328 Plauti
605 1264 791 1329 Trinummo
821 1264 920 1331 semel
943 1270 1068 1329 tautum
1090 1253 1251 1331 ablativus
1274 1285 1330 1348 pro

208 1363 347 1428 locativo
370 1362 492 1445 positus
516 1368 580 1427 est:
607 1383 637 1426 v.
661 1365 723 1426 484
746 1361 856 1440 „Cena
878 1361 938 1427 hac
960 1369 1121 1428 annonast
1142 1363 1211 1428 sine
1234 1363 1332 1427 sacris

208 1460 408 1542 he1·editas“;
448 1480 526 1524 uam
559 1460 692 1525 verbum
725 1479 802 1521 cure
837 1463 895 1524 566
932 1459 1017 1542 quod
1054 1459 1180 1525 codices
1212 1458 1333 1524 habent

207 1555 361 1637 (Noniusz
398 1558 480 1633 ruci)
509 1556 630 1622 nullius
660 1561 708 1622 est
736 1556 898 1622 momenti.
944 1557 983 1621 ln
1004 1556 1204 1622 Mostellaria
1226 1563 1343 1621 autem
1377 1571 1379 1582 ·
1422 1545 1425 1562 ¹

208 1655 318 1720 fabula
340 1654 433 1719 huius
456 1655 589 1722 ablativi
612 1654 736 1718 nullum
760 1655 948 1736 exemplum
971 1659 1093 1732 exstat,
1124 1653 1200 1735 quia
1221 1673 1332 1719 versus

211 1756 309 1818 1063:
339 1749 431 1834 socr's
453 1753 633 1836 concrepuit
656 1771 819 1834 procoma
841 1750 955 1814 oicr‘at'c
983 1751 1096 1818 eodem
1118 1750 1213 1816 modo
1237 1749 1333 1817 iuter·

128 1901 130 1906 -
208 1850 385 1934 probandus
415 1858 464 1917 est
492 1870 554 1932 quo
583 1849 650 1914 Mil.
678 1851 755 1914 1377
784 1848 867 1920 ¹birro
889 1849 1022 1932 sortitura
1052 1847 1199 1929 fecurunt
1223 1847 1331 1932 sores.

209 1950 248 2013 ln
271 1954 405 2029 utraque
427 1955 533 2014 autem
556 1946 667 2012 fabula
689 1946 813 2012 circiter
836 1947 967 2029 triginta
988 1946 1124 2012 ablativi
1146 1965 1217 2009 cum
1244 1965 1334 2029 prae-

165 2119 168 2126 Δ
208 2047 368 2131 positione
390 2043 549 2110 coniuncti
572 2051 645 2110 0005
660 2064 700 2109 ea
722 2052 889 2128 potestate,
914 2045 955 2110 de
970 2065 1034 2127 qua
1047 2043 1162 2126 agitur,
1184 2043 1333 2126 praediti.
1437 2065 1439 2070 ·

208 2145 247 2210 ln
269 2142 402 2209 Terenti
423 2142 550 2207 fabulas
575 2142 660 2209 idern
685 2142 780 2207 cadit.

295 2243 439 2305 Transeo
462 2239 505 2304 ad
527 2240 658 2304 locativi
681 2239 818 2304 similem
840 2259 932 2304 usum
954 2239 1089 2307 ablativi
1111 2244 1199 2309 nudi.
1313 2294 1315 2299 .

285 2363 316 2436 u)
338 2357 393 2421 ubi
415 2355 536 2421 habet?
564 2356 643 2420 urbe
665 2355 809 2438 agroue?
842 2357 956 2422 Accius
981 2362 1051 2424 537.
1179 2434 1182 2440 y

338 2472 453 2520 novem
477 2452 600 2519 hiemes
621 2472 700 2518 saxo
723 2458 840 2518 stratus
864 2454 990 2536 pertuli.
1016 2459 1087 2518 557.

339 2550 564 2616 conclamitare
586 2555 654 2614 tota
676 2551 764 2614 urbe.
798 2549 847 2614 Pl.
870 2551 966 2616 Mero.
990 2555 1040 2617 57.
1153 2587 1183 2627 ,ς

260 2653 264 2660 ’
339 2649 427 2714 suon'
451 2647 585 2730 quicque
607 2647 677 2711 looo
701 2652 757 2712 est.
792 2647 884 2713 Most.
909 2650 978 2712 254.

339 2747 444 2829 capite
467 2744 625 2811 sistebant
646 2743 729 2808 cadi.
765 2744 831 2809 Mil.
856 2747 927 2811 851.

274 2835 276 2840 ’
339 2851 429 2909 utero
452 2843 564 2908 haeret
586 2860 667 2906 meo.
698 2840 796 2906 Stich.
816 2844 886 2923 170,
910 2840 948 2906 of.
965 2839 1113 2908 adhaesit
1128 2842 1171 2909 ad
1192 2842 1334 2909 infimum

209 2948 363 3010 ventrem.
388 2944 460 3006 236.
1122 3007 1125 3014 ,

340 3058 403 3121 qua
425 3037 480 3102 via
501 3045 532 3102 te
555 3043 684 3119 captent
713 3035 826 3102 eadem
849 3035 935 3118 ipsos
964 3036 1045 3119 cepi.
1085 3039 1158 3103 Ter.
1181 3037 1258 3104 Hoc.
1283 3040 1333 3105 73.

319 3163 321 3170 ·
340 3135 515 3200 Dardaniis
538 3135 669 3218 campis.
704 3134 827 3198 Ennius
849 3153 924 3198 aun.
948 3137 1019 3201 359.

303 3279 307 3286 .
341 3231 447 3315 plenis
469 3231 590 3296 semitis
612 3230 666 3313 qui
689 3229 860 3295 advorsum
883 3238 968 3297 eunt.
1001 3231 1048 3296 Pl.
1072 3233 1166 3299 Mero.
1194 3239 1262 3297 114.

342 3347 452 3395 omnes
473 3326 627 3394 festinant
655 3327 740 3402 intus
768 3329 844 3392 totis
865 3327 1009 3394 aedibus.
1044 3327 1148 3395 Oasin.
1172 3330 1226 3410 IV,
1254 3336 1280 3410 1,
1305 3335 1335 3396 5.

298 3446 327 3524 5)
364 3445 442 3512 Oum
472 3446 606 3512 ablativi
640 3466 710 3512 cunr
747 3446 1037 3532 praepositionibus
1067 3446 1225 3514 coniuncti
1260 3468 1335 3514 usus
1461 3437 1464 3441 ’

203 3544 313 3615 000150
336 3544 530 3626 frequentior
552 3545 593 3610 sit
613 3551 709 3627 atque
730 3563 788 3627 per
811 3549 910 3608 totam
932 3542 1126 3610 latinitatem
1148 3545 1334 3630 reperiatur,

139 3641 141 3644 ‘
214 3660 317 3727 pauca
338 3639 434 3707 modo
457 3642 606 3724 exempla
629 3641 782 3706 adferam.

342 3760 471 3825 suntin
494 3760 590 3826 bello.
625 3761 708 3824 Eun.
731 3766 769 3826 tr.
794 3746 854 3824 379
879 3758 930 3838 (ci.
954 3758 1040 3825 domi
1062 3738 1224 3844 duellique
1247 3761 1335 3828 duel·

213 3857 332 3924 latores
355 3857 486 3939 optumi.
519 3857 568 3921 Pl.
592 3854 682 3940 0005.
706 3859 768 3934 68).

217 3973 221 3988 ¹
343 3962 374 4020 te
388 3954 422 4019 in
435 3958 521 4020 terra
532 3953 650 4020 vivere.
662 3954 733 4018 ·Mil.
743 3957 792 4018 56.
817 3959 928 4032 (strata
942 3960 1045 4018 terrae
1061 3954 1172 4020 lavere
1186 3954 1335 4022 lacrumis

215 4059 347 4120 vestem.
381 4053 463 4117 Eun.
487 4071 560 4118 ann.
578 4055 649 4117 370.
677 4058 782 4118 terrae
805 4050 911 4115 odium
933 4051 1086 4117 ambulat.
1117 4052 1232 4118 Bacch.
1250 4055 1334 4129 820.)
1445 4107 1447 4110 ,
