3218 4934
272 469 313 530 76
767 471 900 527 Baunaeu

270 648 433 732 digamma
454 647 488 714 in
510 647 656 714 vooalem
678 645 819 726 transiit,
849 644 883 711 id
906 644 992 729 quod
1014 647 1144 730 saepius
1166 646 1209 713 fit.
1253 645 1298 714 Ut
1318 667 1397 714 non·

269 747 362 814 nulla
383 745 575 812 notabiliora
597 745 731 810 afferam
753 745 920 827 exempla,
950 743 1012 810 hue
1035 745 1128 810 traho
1150 746 1291 829 glossam
1313 743 1395 812 falso

269 851 451 928 suspeotum
474 835 611 918 αὖσαῑς·
640 851 779 920 πνοαῖς,
808 852 970 925 κραυγαῖς
996 842 1051 918 (de
1071 841 1140 909 rad.
1164 840 1249 908 Ourt.
1272 841 1396 927 Etym.⁴

269 963 301 1026 p.
318 945 403 1022 390),
427 935 550 1006 adello
574 945 607 1006 et
628 934 740 1018 ἄελλα,
762 938 903 1021 glossam
919 935 980 1004 edo
1002 960 1059 1023 pro
1082 938 1122 1005 ἔα
1145 939 1302 1018 (laconioe
1316 937 1396 1023 ἔβα-

271 1043 353 1118 σον).
382 1038 474 1118 Quae
495 1056 566 1103 oum
581 1037 628 1102 ita
647 1036 722 1120 sint,
745 1036 867 1102 Kuhnii
882 1037 1064 1104 coniectura
1085 1036 1219 1105 formam
1242 1058 1284 1106 ex
1304 1057 1397 1105 voea-

269 1136 346 1201 bulo
367 1136 470 1202 latino
492 1135 587 1198 reads
600 1133 760 1201 detortam
774 1133 936 1201 eonsentis
958 1134 1122 1208 (Zeitsolrr.
1139 1136 1183 1219 X,
1205 1139 1259 1216 23)
1281 1136 1397 1221 impro-

270 1233 381 1300 banda
395 1232 474 1299 mihi
488 1231 624 1299 videtur.
646 1231 806 1317 Equidem
820 1227 915 1310 ῧεσις
930 1252 971 1299 ex
985 1229 1160 1312 *dou-uer
1171 1233 1395 1320 (dirupti-oar,

272 1328 422 1415 φά-σι·ς,
444 1331 614 1416 yvo-aar)
639 1336 742 1397 ortum
763 1349 836 1397 osse
855 1336 948 1413 puto'

355 1429 390 1494 F.
428 1428 632 1495 Suffixum
654 1453 731 1516 -τη-
752 1430 953 1517 praebent

359 1531 387 1605 1)
417 1524 534 1614 ἔστη·
557 1523 701 1612 στολή,
724 1524 923 1613 Κύπριοι.
966 1527 1116 1592 Formam
1139 1547 1197 1611 por
1218 1546 1254 1594 so
1276 1527 1397 1611 perspi·

269 1645 361 1691 cuam
395 1625 503 1691 neseio
538 1645 600 1708 quo
633 1625 703 1691 iure
730 1623 927 1692 Sohmidtius
959 1625 1093 1704 „merito
1121 1625 1157 1690 L.
1185 1625 1283 1690 Dind.
1313 1624 1394 1692 thos.

269 1723 345 1789 IIIo
367 1726 451 1789 2100
473 1726 676 1806 suspectam“
699 1720 827 1788 dixerit.

355 1824 386 1898 2)
416 1818 549 1907 *ἔα-θη
583 1839 624 1886 ex
651 1816 902 1905 ἐ’σθη-σι-ς,
937 1816 1149 1904 dodo-po,
1184 1816 1300 1886 ἒσθὲω
1333 1821 1397 1886 ool·

268 1918 388 2000 ligitur.
424 1915 541 1984 ἒσθὲω
558 1941 566 1982 :
582 1914 699 2002 *ἕσθη
714 1943 758 1970 ==
772 1911 897 1980 ποθέω
913 1938 921 1980 :
936 1915 1045 2002 ποθή.
1084 1919 1134 1984 De
1148 1941 1167 1982 τ
1181 1918 1215 1983 in
1231 1922 1396 1984 enotata

269 2015 346 2082 vide
367 2015 461 2081 infra.
505 2016 555 2080 Ea
566 2027 648 2096 ‚oum
670 2014 770 2099 stirpe
791 2019 963 2096 eognatum
985 2020 1035 2082 est
1056 2016 1246 2082 voeabulum

356 2111 395 2177 G.
432 2111 584 2178 suffixo
606 2134 704 2175 -ακ-
724 2109 938 2177 formatum

355 2202 540 2275 ὗεστάκα
568 2208 694 2285 (melius
723 2203 899 2288 ὖὲστακα)
934 2207 1173 2291 ἱματισμόν,
1207 2216 1242 2276 ut
1269 2209 1395 2276 Curtius

270 2307 396 2390 Etym⁴
416 2327 448 2390 p„
465 2311 525 2370 551
549 2325 607 2390 pro
631 2305 749 2373 oodieis
772 2304 954 2390 ἱματισμάς
977 2307 1095 2374 scribit.
1125 2307 1229 2387 Quam
1250 2325 1395 2374 vooome

270 2403 468 2470 nominativo
488 2399 614 2484 ὖὲσταξ
636 2403 847 2470 derivandam
868 2424 939 2472 esse
961 2405 1040 2471 satis
1060 2413 1205 2489 apparet.
1238 2399 1393 2472 dodran-2

270 2499 350 2588 ἔστη
365 2531 409 2555 =
422 2524 558 2586 yvooan-
580 2500 601 2566 i.
625 2520 652 2568 e.
675 2525 828 2586 γυνα-κι-
844 2527 851 2569 :
869 2499 961 2587 γυνά.
1007 2501 1123 2570 Confer
1146 2501 1254 2591 ῥί-αξ,
1277 2503 1351 2570 alia.

355 2600 394 2665 H.
440 2598 603 2666 Suffixo
625 2624 747 2687 -τητ-
769 2602 923 2668 instructa
944 2607 1020 2666 suut
1042 2600 1105 2666 duo
1125 2601 1301 2666 voeabula:

357 2703 386 2775 1)
423 2695 600 2786 ἐσ-θής,
633 2700 723 2765 ouius
757 2698 798 2766 de
829 2699 953 2783 origine
986 2698 1086 2763 multa
1115 2704 1189 2764 suut
1221 2697 1394 2782 disputata,

269 2795 455 2879 praesertim
476 2801 607 2879 proptor
622 2795 728 2862 suffixi
742 2797 878 2879 primum
895 2815 1018 2862 sonum.
1048 2792 1159 2882 ἐσθής
1174 2815 1215 2862 ex
1226 2793 1395 2882 *ἕστότης
1456 2809 1458 2814 ·

268 2894 383 2962 Ebelio
411 2892 548 2971 (Kuhn’s
575 2893 729 2958 Zeitsohr.
756 2894 813 2974 IV,
844 2896 934 2974 163),
968 2912 1009 2958 ex
1036 2893 1105 2958 rad.
1129 2891 1174 2975 ἒςΙ
1194 2901 1226 2960 et
1253 2893 1322 2962 rad.
1345 2898 1393 2980 θη

177 3025 181 3034 ,
269 2990 414 3074 Benleyo
444 2989 648 3066 (Wuraellex.
670 2989 696 3071 Ι,
720 2993 804 3070 296),
838 3011 878 3057 ex
907 2988 1096 3076 ἒσ-θ-ή(τ)ς
1125 2990 1233 3056 Curtio
1259 2993 1395 3077 (lltyrn.⁴

269 3108 301 3171 p.
326 3089 400 3164 379)
428 3091 541 3151 natum
563 3086 666 3152 visum
689 3093 747 3153 ost.
792 3090 833 3154 At
858 3088 1074 3154 controversia
1094 3089 1295 3172 componitur
1314 3098 1394 3154 voo'e

356 3186 387 3260 2)
423 3179 705 3271 tao-walg-
731 3184 868 3267 χιτών,
898 3206 960 3269 quo
987 3185 1022 3251 iu
1051 3186 1151 3252 verbo
1178 3187 1310 3270 vulgata
1332 3184 1394 3252 suf·

269 3281 324 3347 fixi
345 3281 448 3347 forma
469 3281 637 3348 immutata
658 3283 813 3366 reperitur
836 3283 918 3361 (eod.
940 3277 1132 3370 ὖποέστης).

354 3381 379 3446 Ι.
423 3381 552 3464 Restat,
585 3386 620 3446 ut
653 3379 796 3448 dieamus
828 3381 869 3448 de
901 3381 1057 3463 formis,
1091 3393 1199 3464 quae·
1224 3383 1395 3446 utuntur

269 3477 423 3545 suffixo
445 3501 577 3544 -roo-:
1456 3485 1464 3492 “

357 3580 387 3654 1)
425 3575 590 3652 ἕσ-θος.

355 3678 387 3755 2)
424 3678 614 3758 yso-rto·
644 3671 857 3751 ἓνδύσεις·
888 3671 1051 3756 ἱμάτια,
1083 3673 1169 3757 quod
1193 3693 1253 3756 pro
1275 3671 1394 3740 oodiois

268 3776 402 3856 yeorla·
436 3770 571 3847 ἕνδυσις
605 3768 722 3852 ἱμάτια
754 3770 958 3838 scribendum
989 3790 1134 3856 propono
1167 3771 1256 3849 (Ahr.
1278 3770 1328 3852 11,
1352 3773 1392 3834 54

269 3866 425 3952 ,γεστά“,
455 3867 650 3935 Sohmidtius
677 3869 710 3934 in
739 3869 813 3936 edit.
844 3871 920 3935 min.
950 3872 1111 3954 „ysoaoffl
1141 3869 1306 3949 oonieoit),
1339 3886 1394 3932 no·

269 3964 442 4042 minativus
463 3967 596 4049 pluralis
611 3973 660 4033 est
675 3986 716 4034 ex
732 3965 961 4047 *roo-adulo
982 3973 1176 4046 attenuatus,
1198 3966 1287 4032 euius
1308 3983 1392 4030 nom.

269 4062 351 4146 sing.
374 4062 444 4130 sino
465 4062 563 4130 dubio
585 4071 655 4131 erat
676 4062 850 4144 *ado-uos.
887 4066 964 4132 Alia
983 4064 1086 4132 sonia
1108 4071 1185 4131 ante
1207 4063 1337 4130 vooales
1357 4061 1393 4127 in
