3208 4928
307 449 383 522 ,338
705 519 712 526 .
834 450 926 520 Spiess

321 626 443 716 quitata
464 624 507 691 ad
529 643 588 690 nos
610 622 800 707 pervenerit,
825 641 896 689 cum
918 621 1078 689 inferioris
1099 628 1198 689 notae
1219 623 1462 707 manuscriptis

321 743 364 792 ne
393 721 683 790 Alexandrinorum
713 718 842 801 quidem
869 726 1013 803 tempore
1043 739 1194 804 magnam
1224 719 1320 787 fidem
1348 721 1460 788 fuisse

321 829 355 890 et
378 821 459 886 ratio
482 819 596 884 doceat
618 823 650 884 et
671 817 815 898 reliquae
837 817 980 899 chartae,
1004 837 1087 900 quae
1109 838 1150 885 ex
1171 817 1363 900 antiquitate
1386 839 1459 886 ser-

321 924 419 984 vatae
442 923 516 982 sunt
543 916 581 980 ot
606 914 714 996 Bergk
736 913 819 998 Litg.
843 918 915 980 238.
945 949 986 960 -
1015 915 1173 981 Videntur
1194 913 1358 982 Alcmanis
1381 937 1457 984 car-

323 1016 412 1082 mina
434 1012 609 1098 posteriore
631 1017 774 1094 tempore
789 1012 868 1078 satis
889 1019 981 1095 grata
998 1012 1096 1079 tuisse
1111 1032 1285 1097 eorumque
1307 1014 1456 1080 studium

323 1111 549 1196 grammaticos
577 1108 674 1174 valde
704 1108 891 1175 oblectasse.
936 1109 1080 1178 Sosibius
1109 1117 1141 1177 et
1168 1109 1379 1202 Philochorus
1406 1113 1457 1180 de

324 1210 480 1276 Alcmana
509 1207 674 1291 scripsisse
705 1206 882 1272 traduntur.
927 1207 1115 1290 Antiquiore
1137 1213 1244 1275 aetate
1266 1228 1339 1276 eum
1360 1210 1455 1293 apud

324 1307 470 1372 Lacones
502 1305 675 1389 praecipue
707 1309 817 1368 uotum
850 1303 948 1370 luisse
977 1305 1045 1372 veri
1075 1312 1124 1372 est
1154 1305 1259 1372 simile
1292 1313 1325 1372 et
1357 1306 1458 1374 docet

323 1404 510 1472 Athenaeus
539 1401 601 1468 XV
632 1403 693 1465 678
717 1398 741 1464 0
769 1401 912 1466 carmina
941 1402 1010 1486 ejus
1038 1403 1072 1468 in
1101 1402 1347 1488 gymnopaediis
1376 1405 1455 1470 cani

324 1502 420 1569 solita
448 1518 548 1583 essep
566 1497 625 1566 sed
652 1518 711 1581 per
736 1504 835 1563 totam
859 1500 1026 1566 Graeciam
1050 1520 1090 1567 ea
1111 1501 1244 1584 vulgata
1265 1501 1363 1568 luisse
1385 1505 1456 1569 cre

325 1597 477 1679 diderim,
515 1605 600 1662 certe
633 1596 770 1662 Athenis
802 1595 1024 1681 Aristophanis
1056 1598 1174 1664 comici·
1201 1605 1309 1665 aetate
1341 1619 1455 1666 eorum

324 1695 464 1780 cognitio
479 1695 576 1760 latius
591 1695 732 1778 patebat,
748 1694 775 1760 si
791 1700 877 1760 recte
890 1695 997 1778 Bergk
1013 1695 1150 1779 conjecit
1163 1694 1255 1762 illurn
1271 1698 1331 1762 Av.
1344 1717 1374 1762 v.
1388 1700 1451 1761 251

235 1817 245 1828 ²
326 1787 372 1860 ὥν
395 1789 428 1858 τ’
453 1790 511 1859 ἐπὶ
535 1789 682 1874 κύματος
705 1786 808 1873 οἶδμα
825 1789 1005 1880 θαλάσσης
1028 1793 1118 1881 φῦλα
1139 1787 1222 1876 μεθ’
1247 1791 1454 1860 ἆλκαόκεσσι

326 1897 473 1979 ποτῆται
500 1888 559 1968 (sic
587 1889 790 1956 scribendum
817 1909 887 1956 esse
917 1911 975 1974 pro
1004 1891 1147 1956 ecdicum
1171 1897 1319 1957 ποτᾶται
1341 1891 1454 1974 Bergk

327 2010 345 2057 e
367 1989 497 2056 scholiis
520 1985 737 2061 commendat)¹
757 1986 921 2053 Alcmanis
944 1989 980 2053 ir.
998 1991 1084 2053 26.4
1106 1984 1145 2065 ὅς
1166 1982 1198 2053 τ’
1220 1987 1281 2056 ἐπὶ
1303 1985 1455 2072 κύματος

271 2089 273 2093 ’
328 2083 437 2163 ἄνθος
460 2081 521 2167 ἅμ’
547 2079 748 2149 ἀλκυόνεσσι
771 2091 917 2170 ποτῆται
939 2085 1057 2152 imitari
1078 2087 1228 2154 voluisse.
1346 2110 1352 2116 ·

327 2317 400 2397 §4-
445 2313 701 2379 Testimonia'
731 2319 913 2379 veterum
942 2313 990 2380 de
1019 2316 1228 2381 Alcmanis
1256 2314 1454 2380 dialecto.

412 2449 484 2517 dam
519 2457 643 2517 veteres
676 2448 716 2514 de
744 2455 909 2532 poetarum
941 2449 1086 2516 dialectis
1114 2450 1292 2517 accuratius
1320 2468 1453 2533 quaere-

328 2549 453 2632 bantb,
487 2548 540 2630 qui
569 2566 761 2629 quamquam
791 2546 824 2611 in
855 2547 942 2614 hisce
972 2547 1213 2630 quaestionibus
1245 2569 1311 2614 non
1339 2549 1392 2612 via
1420 2554 1455 2615 ct

326 2647 451 2714 ratione
481 2644 716 2729 procedebant,
745 2649 853 2710 tamen
883 2645 1028 2711 notitiam
1052 2645 1258 2712 dialectornm
1288 2646 1455 2712 habebant

328 2745 416 2811 haud
445 2743 722 2809 contemnendam.
767 2742 880 2825 Itaque
909 2763 991 2826 quae
1024 2749 1140 2808 extant
1167 2762 1275 2808 eorum
1309 2743 1350 2809 de
1379 2743 1453 2808 Alc-

151 2842 157 2854 '
202 2855 207 2862 “
246 2881 247 2884 =
328 2842 433 2908 manis
456 2839 592 2907 dialecto
611 2839 736 2922 judicia
758 2839 842 2905 hanc
864 2841 957 2906 nobis
972 2841 1109 2905 afferunt
1127 2841 1307 2922 utilitatem,
1329 2847 1364 2904 nt
1385 2859 1454 2905 cer-

328 2946 394 3006 tam
416 2937 569 3003 materiae
592 2935 814 3027 disponendae
839 2937 995 3003 rationem
1017 2937 1204 3003 habeamus.

414 3033 608 3116 Saepissime
630 3033 678 3109 (ir.
697 3037 745 3097 19.
769 3037 819 3096 51.
844 3037 894 3098 52.
919 3037 969 3099 65.
993 3037 1042 3098 66.
1067 3037 1120 3112 86)
1142 3034 1271 3100 Doridis
1289 3042 1452 3102 auctorem

329 3139 471 3198 nostrum
494 3135 623 3211 poetam
638 3128 736 3194 habet
750 3131 950 3213 Apollonius,
974 3132 1064 3197 testis
1080 3133 1297 3216 gravissimus,
1319 3132 1353 3197 in
1370 3133 1452 3198 libro
1496 3140 1501 3145 “

263 3241 264 3246 ’
329 3229 371 3297 de
393 3220 581 3312 pronomine
603 3229 791 3312 conscripto,
815 3230 932 3296 etalio
955 3231 1024 3295 loco
1048 3231 1102 3310 (de
1124 3239 1240 3297 constr.
1264 3251 1295 3314 p.
1314 3233 1385 3294 279.
1410 3233 1450 3296 25

330 3325 379 3393 ed.
396 3325 541 3402 Bekkcr)
563 3322 682 3391 diserte
696 3333 831 3394 testatur
853 3327 1063 3412 δωρίζεσθαι
1084 3327 1125 3393 τὰ
1138 3322 1326 3410 Ἀλκμᾶνος
1348 3325 1451 3414 ποιή-

329 3448 428 3508 ματα.
458 3422 548 3490 Idem
563 3421 662 3488 tradit
675 3425 902 3506 grammaticus
917 3425 1085 3492 Leidensis
1100 3447 1132 3508 p.
1145 3430 1206 3492 635
1223 3426 1274 3492 ed.
1289 3424 1450 3505 Sohaeler.

330 3521 447 3588 Suidas
465 3540 490 3586 s.
506 3539 537 3586 ν.
561 3519 668 3603 prodit
690 3521 731 3588 de
746 3524 917 3590 Alcmana:
942 3528 1099 3610 κέχρηται
1120 3522 1254 3606 Δωρίδι
1277 3521 1451 3608 διαλέκτῳ,

329 3616 490 3702 καθάπερ
514 3617 802 3700 Λακεδαιμόνιος.

415 3715 575 3781 Laconica
598 3714 728 3782 Doridis
755 3718 862 3799 specie
891 3737 963 3784 eum
986 3737 1077 3783 usum
1100 3735 1171 3783 esse
1194 3716 1287 3784 docet
1308 3716 1453 3784 loannes

225 3813 227 3818 ’
330 3812 555 3896 grammaticus
572 3815 643 3878 243.
660 3816 679 3878 6
703 3811 861 3901 διαφέρει
884 3813 920 3880 δὲ
937 3809 956 3899 ἡ
972 3815 1038 3879 τῶν
1056 3819 1195 3900 Κρητῶν
1213 3811 1388 3890 διάλεκτος
1401 3863 1408 3879 .
1423 3862 1451 3879 ..

330 4079 333 4085 -
401 4044 420 4107 ⁸)
431 4039 473 4094 De
484 4040 629 4110 lyricorum
644 4047 787 4112 poetarum
800 4042 915 4100 dialecto
925 4060 993 4114 opus
1008 4045 1191 4115 composuisse
1203 4044 1319 4100 traditur
1330 4043 1452 4114 Trypho.
