3208 4928
502 473 544 530 De
561 473 700 530 Alcmanis
718 476 816 548 poetae
833 472 957 528 dialecto.
1231 469 1293 533 333

170 668 250 715 mus.
292 645 357 713 Sed
380 653 415 712 ut
435 646 530 714 nobis
551 647 730 730 contigerit,
754 653 790 713 ut
811 647 915 714 tontes
937 651 1061 712 nostros
1083 645 1117 709 in
1140 663 1211 710 eam
1233 644 1295 711 ior·

169 764 256 810 mam
277 742 511 827 redigeremus,
541 763 636 828 quam
659 751 732 828 post
753 742 1043 809 Alexandrinorum
1073 742 1293 809 recensionem

169 841 345 923 habebant,
367 842 453 909 aliae
474 842 691 909 dubitationes
713 842 867 908 oriuntur.
904 841 988 907 Nam
1011 859 1203 922 quamquam
1225 839 1295 908 illo·

169 961 240 1005 rum
261 939 438 1006 moderatio
460 958 661 1024 summopere
682 945 731 1006 est
752 937 917 1006 laudanda
939 944 972 1005 et
993 943 1061 1003 tota
1081 938 1176 1020 ratio,
1199 958 1294 1022 quam

169 1039 203 1104 in
225 1036 431 1106 restituendis
453 1037 579 1123 seriptis
601 1037 742 1104 inierunt
769 1035 882 1120 optimi
910 1036 1065 1120 cujusque
1087 1041 1120 1101 et
1142 1035 1295 1119 antiquis·
1418 1115 1423 1124 ,

169 1136 242 1202 simi
263 1135 472 1219 manuscripti
499 1134 721 1202 auctoritatem
749 1131 867 1214 secuti,
897 1140 1005 1200 tamum
1034 1133 1110 1200 licet
1137 1133 1295 1217 suspicari

169 1252 225 1300 eos
246 1233 378 1299 melicos
400 1239 513 1317 poetas
529 1251 712 1315 nonaeque
734 1230 870 1297 feliciter
892 1229 935 1297 ad
957 1232 1126 1317 pristinum
1149 1229 1295 1297 habitum

168 1348 339 1396 revocasse
352 1337 449 1414 atque
463 1331 595 1398 Atticos.
629 1327 827 1398 Testimonio
842 1334 917 1395 sunt
932 1328 1089 1396 Corinnae
1104 1328 1294 1412 fragmenta,

169 1446 253 1512 quae
274 1426 430 1494 idiomata
452 1428 582 1495 dialecti
604 1426 705 1494 multo
734 1425 938 1510 recentioris,
968 1447 1065 1510 quam
1088 1446 1171 1510 quoe
1193 1426 1294 1510 ipsius

167 1525 312 1610 poetriae
340 1531 448 1592 aetate
476 1526 677 1605 audiebatur,
706 1522 862 1607 praebere
891 1542 986 1591 nemo
1008 1525 1118 1591 nescit.
1163 1524 1295 1591 Praeter

168 1629 292 1690 ceteras
314 1641 390 1688 vero
412 1642 473 1706 res,
496 1622 612 1707 quibus
633 1621 795 1688 immutari
818 1622 921 1705 potnit
942 1628 1108 1689 contextus
1123 1622 1294 1689 verborum
1319 1678 1322 1682 ,

99 1737 101 1744 ·
167 1739 226 1804 per
241 1739 280 1787 ea
295 1721 436 1803 saecula,
458 1741 542 1804 qnae
558 1720 643 1788 inter
663 1725 775 1804 poetas
791 1725 823 1786 et
839 1718 1065 1802 grammaticos
1079 1719 1293 1801 intercedunt,

167 1817 389 1902 respiciendae
404 1823 480 1884 sunt
495 1817 700 1884 condiciones
721 1815 896 1900 literarum,
920 1815 1036 1898 quibus
1053 1825 1187 1883 exarata
1202 1823 1295 1884 erant

166 1915 319 1980 carmina.
346 1915 430 1980 Nam
445 1915 531 1997 quod
548 1935 588 1982 ex
602 1913 864 1998 inscriptionibus
879 1912 1048 1981 evidenter
1063 1913 1170 1981 docuit
1181 1915 1295 1982 Kirch·

167 2010 279 2092 bold),
310 2031 462 2096 magnam
484 2013 674 2080 varietatem
703 2008 864 2078 scribendi
886 2017 964 2077 ante
985 2009 1081 2079 finem
1103 2012 1182 2079 belli
1202 2013 1295 2080 Pelo·

167 2109 354 2190 pennesiaci
382 2131 441 2194 per
462 2110 632 2178 Graeciam
660 2107 775 2191 inisse,
806 2128 877 2175 cum
908 2113 941 2174 et
965 2108 1144 2192 antiquitus
1174 2109 1295 2204 duplici

167 2205 330 2271 literarum
347 2207 547 2290 quarundam
562 2227 621 2274 usu
636 2207 670 2272 in
685 2205 767 2273 duas
786 2213 895 2290 partes
910 2205 1135 2275 discessissent
1149 2208 1295 2277 Graecae

168 2301 314 2370 civitates
336 2308 369 2369 et
389 2309 504 2387 postea
526 2302 701 2370 secundnm
723 2305 854 2384 linguae
877 2303 1080 2386 mutationes,
1104 2326 1187 2388 quae
1208 2308 1294 2375 aliae

168 2405 261 2464 erant
282 2399 356 2465 aliis
370 2399 460 2482 locis,
484 2400 639 2482 quasdam
655 2398 696 2466 de
717 2399 854 2483 pristina
868 2400 902 2464 vi
916 2400 1097 2482 paullulum
1118 2400 1294 2484 flecterent,

65 2491 69 2500 '
167 2495 203 2562 id
224 2515 291 2562 non
312 2515 441 2580 prorsus
463 2494 701 2579 neglegendum
723 2514 795 2562 esse
816 2496 944 2562 videtur
965 2496 1012 2577 ei,
1036 2499 1091 2579 qui
1112 2500 1221 2565 omnia
1242 2520 1294 2566 ac·

167 2584 308 2660 culatius
322 2593 509 2660 examinare
527 2594 607 2659 vult.
637 2591 703 2659 Sed
723 2598 831 2677 potest
845 2591 995 2675 dubitari,
1017 2614 1095 2660 num
1109 2595 1180 2678 ejus
1196 2596 1294 2682 urbis,

167 2692 202 2756 in
231 2710 295 2774 qua
323 2690 459 2774 quisque
492 2690 691 2772 versabatur,
724 2688 885 2756 scribendi
915 2690 1071 2758 rationem
1100 2694 1200 2760 secuti
1229 2695 1295 2761 sint

168 2795 300 2872 poetae,
327 2789 517 2872 praesertim
545 2808 617 2855 oum
643 2793 784 2870 constet,
813 2788 932 2855 multos
952 2788 1293 2869 certumdomioilium

168 2907 233 2951 uon
255 2884 423 2969 habuies03
446 2904 506 2952 nec
523 2905 645 2970 negare
666 2891 769 2971 potes,
790 2884 882 2950 illam
897 2883 1117 2954 diversitatem
1132 2888 1295 2956 scribendi

168 2989 258 3050 tanto
281 2983 392 3068 epicae
414 2989 447 3050 et
467 2983 589 3068 lyricae
609 2983 718 3068 poesis
738 2981 809 3048 flori
831 2981 953 3066 talique
966 2989 1002 3049 ut
1021 2983 1068 3050 ita
1083 2985 1188 3052 dicam
1210 3006 1294 3054 com-

168 3081 297 3164 mercio,
319 3081 416 3165 quale
437 3081 522 3148 inter
543 3080 650 3156 varias
666 3080 783 3166 stirpes
798 3081 840 3148 ab
857 3080 1077 3166 olympiadum
1098 3082 1191 3148 initio
1214 3090 1294 3170 erat,

168 3198 283 3262 pamm
305 3186 415 3263 aptum
438 3179 546 3245 luisse
576 3179 635 3245 Hie
658 3177 826 3246 decausis
848 3177 936 3244 baud
959 3179 1025 3246 scio
1047 3199 1090 3246 an
1112 3201 1190 3248 vere
1207 3181 1294 3266 judi·

169 3282 229 3358 cet,
252 3275 306 3358 qui
323 3276 420 3358 juxta
441 3277 630 3342 varietatem
652 3273 824 3357 scribendi,
847 3282 999 3358 quaeest
1019 3277 1054 3342 in
1076 3278 1187 3361 titulis,
1210 3298 1294 3346 conr·

169 3380 297 3438 munem
319 3372 480 3455 quendam
494 3392 586 3446 usum
601 3371 635 3436 in
650 3371 770 3438 chartis
784 3372 965 3457 constitisse
980 3373 1076 3457 dicat,
1099 3395 1293 3460 quamquam

137 3471 139 3476 '
168 3473 258 3534 certa
279 3467 394 3534 desunt
415 3476 622 3553 argumenta3
645 3489 721 3534 nam
736 3469 881 3552 quintum
895 3471 1037 3537 seculum
1053 3492 1118 3537 non
1140 3481 1294 3557 superant

169 3564 306 3647 vestigia
327 3564 486 3647 quaedam
508 3565 543 3632 in
567 3566 827 3652 inscriptionibus
849 3567 964 3634 Atticis
985 3568 1120 3636 Euclide
1142 3573 1293 3638 vetustio

168 3661 257 3728 ribus
279 3661 439 3743 extantia,
469 3682 552 3745 qnae
578 3664 668 3730 illam
697 3683 765 3730 rem
787 3665 947 3732 evincunt.
991 3666 1162 3750 Utcunque
1183 3688 1235 3736 res
1257 3687 1293 3736 se

170 3759 282 3842 habet,
307 3760 481 3827 nonnullas
503 3767 589 3828 certe
609 3761 803 3830 mutationes
824 3781 979 3848 perpessa
1000 3771 1075 3832 sunt
1096 3766 1203 3832 omnia
1226 3787 1294 3833 car·

169 3858 257 3924 mina
290 3857 487 3941 antiquiora,
520 3877 592 3924 cum
620 3858 673 3926 vel
702 3858 736 3925 in
765 3860 876 3927 Ionica
907 3861 1073 3929 literatura
1106 3860 1292 3933 discrimina

238 4069 259 4136 ι)
277 4067 390 4123 suun
406 4083 456 4122 aur
474 4067 635 4124 mouente
652 4068 700 4124 eu
716 4068 817 4138 gnon.
835 4031 1009 4140 nonanus.
1044 4071 1137 4130 unm
1155 4078 1231 4131 rsus.
