3194 4936
284 449 323 512 70
780 452 912 507 Baunack

282 633 342 708 est,
364 633 476 692 eontra
497 626 616 692 orotioa
637 625 740 691 forma
761 626 803 692 ab
827 624 989 710 Hesyohio
1011 623 1177 690 asservata
1198 617 1289 696 τάως
1310 615 1409 698 (τέως

282 728 426 810 Κρῆτες)
449 723 492 790 ad
506 723 642 789 ablativi
657 722 889 789 adieetivorum
904 720 1065 789 formandi
1080 719 1238 786 rationem
1259 717 1409 800 pertinet.

282 821 396 905 Neque
419 822 504 888 enim
526 819 743 887 Delbrueokio
766 819 869 898 (Stud.
891 821 926 886 ΙΙ
947 841 980 904 p.
1005 822 1065 885 198
1085 817 1173 883 Adn.
1195 821 1228 895 2)
1251 833 1311 880 neo
1333 813 1410 880 llei-

282 925 368 986 stero
383 919 488 996 (Stnd.
504 919 550 985 IV
565 940 597 1004 p.
611 921 686 998 377)
702 918 852 984 assentiri
872 937 1014 1002 possum,
1037 917 1091 1000 qni
1106 936 1179 982 eam
1194 934 1260 980 rem
1283 913 1410 998 plenius

222 1008 227 1016 “
283 1021 458 1083 tractantes
487 1016 727 1101 Hesyohianam
763 1015 904 1097 glossam
939 1013 1029 1092 τάως
1061 1020 1192 1098 propter
1219 1011 1410 1078 sansoritum

285 1117 374 1177 ttoot
394 1115 427 1179 in
448 1119 531 1191 τᾶος
553 1112 740 1179 mutandam
757 1132 828 1179 esse
843 1119 1042 1180 oensuerunt.
1076 1110 1179 1191 Quam
1202 1110 1411 1175 mutationem

283 1211 400 1277 falsam
431 1229 502 1277 esse
531 1231 597 1276 non
630 1211 733 1276 solum
762 1210 862 1277 series
890 1210 1067 1276 litterarum
1100 1208 1195 1274 dooot
1226 1205 1285 1272 sed
1314 1205 1412 1271 etiam

283 1309 411 1391 glossae
440 1307 526 1390 quod
554 1307 700 1374 additum
728 1315 792 1374 est:
827 1309 885 1374 καὶ
916 1306 1050 1384 δασέως
1078 1304 1117 1370 τὸ
1147 1301 1266 1389 ὄρνεον
1296 1303 1411 1378 (Plau).

283 1405 432 1488 Denique
447 1404 490 1470 ad
505 1425 616 1472 eorum
631 1405 845 1487 ablatirorum
860 1406 1046 1488 analogiam
1068 1403 1165 1470 etiam
1188 1401 1412 1486 pronominum

283 1502 501 1585 personalium
522 1503 674 1586 genetivi,
697 1505 751 1586 qui
774 1503 930 1586 dicuntur,
954 1501 1090 1568 ablativi
1107 1520 1179 1567 esse
1200 1500 1279 1565 mihi
1300 1499 1414 1565 viden·

284 1607 335 1664 tur
363 1600 482 1684 partim
509 1599 600 1666 brevi
628 1601 744 1684 partim
773 1602 870 1685 longo
893 1600 1007 1668 suffixo
1037 1597 1174 1664 formati.
1218 1596 1262 1662 Ut
1283 1595 1370 1663 enim
1391 1615 1414 1661 a

285 1697 385 1782 stirpe
407 1719 524 1761 momo-
542 1698 704 1764 ablativus
726 1709 842 1761 mamni
866 1698 1042 1778 deseendit,
1064 1697 1110 1762 ita
1126 1715 1167 1761 ex
1181 1693 1292 1778 moja-4
1315 1693 1413 1777 quam

229 1807 235 1817 “
285 1813 326 1880 ex
348 1796 461 1879 lingua
481 1795 585 1860 latina
599 1796 747 1861 novimus
761 1795 899 1878 ideoque
913 1795 947 1860 in
964 1813 1081 1876 graeca
1103 1811 1229 1876 quoque
1252 1792 1414 1858 exstitisse

286 1892 444 1958 ooniioere
459 1912 638 1974 possumus,
660 1892 795 1957 ablativi
809 1889 938 1976 *mojot
950 1899 983 1958 et
997 1890 1126 1976 *mojctt
1136 1895 1242 1973 atque
1258 1909 1299 1956 ex
1313 1889 1413 1972 stirpe

286 1989 318 2052 in
342 2009 447 2072 paene
470 1989 617 2054 omnibus
639 1989 758 2073 linguis
780 1989 926 2072 cognatis
941 1989 1059 2055 usitata
1078 1998 1166 2070 tono·
1181 1987 1296 2066 eodem
1317 1986 1414 2052 modo

285 2085 421 2151 ablativi
432 2083 543 2148 *tuost
555 2092 587 2151 et
601 2083 715 2150 *toott
726 2088 863 2154 derivari
878 2093 1022 2171 possunt.
1044 2086 1136 2166 Quae
1146 2091 1282 2168 quatuor
1292 2084 1414 2150 formae

287 2202 361 2249 mea
374 2183 504 2266 quidem
519 2185 681 2250 sententia
696 2205 737 2251 ex
751 2185 900 2250 omnibus
914 2184 980 2249 illis
995 2204 1092 2268 supra
1113 2183 1222 2248 allatis
1237 2181 1415 2248 Dorismi

282 2281 431 2361 formis
459 2286 628 2365 apparent.
680 2283 798 2348 Earum
827 2287 934 2347 autem
962 2287 1051 2346 muta
1077 2278 1218 2347 'dentalis
1247 2281 1281 2344 in
1311 2279 1415 2362 sigma

287 2384 410 2443 mutata
432 2384 480 2443 est
502 2379 592 2443 utin
616 2380 764 2445 omnibus
786 2379 965 2460 adverbiis,
996 2399 1080 2463 quae
1106 2379 1141 2443 in
1163 2380 1212 2439 -tt
1239 2375 1415 2457 antiquitus

287 2475 443 2541 exierunt.
480 2473 551 2553 Quo
573 2475 708 2558 probato
728 2477 809 2543 nihil
832 2477 939 2544 obstat
962 2477 1130 2560 quominus
1153 2473 1302 2541 oretioum
1323 2471 1415 2558 τέορ,
1540 2511 1541 2516 1

287 2572 374 2655 quod
395 2573 514 2656 legitur
535 2573 623 2656 apud
645 2573 840 2660 Hesyohium
870 2573 977 2660 (ro‘ogr
1008 2580 1069 2641 σοῦ
1091 2576 1252 2658 Κρῆτες),
1282 2572 1345 2637 hae
1366 2592 1416 2638 ra·

287 2671 375 2737 tione
397 2671 604 2754 explicemus,
628 2677 663 2736 ut
685 2679 716 2737 et
738 2674 946 2740 mutationem
969 2679 1076 2739 mutae
1096 2672 1130 2736 in
1146 2671 1249 2753 sigma
1269 2669 1362 2735 illam
1384 2675 1416 2735 et

286 2768 514 2834 rhotaeismum
542 2787 673 2851 passum
703 2789 774 2836 esse
802 2776 989 2836 statuamus.
1033 2768 1140 2848 Quare
1169 2769 1266 2834 etiam
1295 2766 1329 2831 in
1356 2767 1416 2832 hoo

287 2884 365 2931 easu
394 2865 560 2947 antiquam
589 2866 724 2930 formam
751 2867 870 2933 oretioa
900 2867 1057 2933 dialeotus
1086 2865 1280 2942 asservavit,
1313 2882 1416 2947 aeque

287 2967 385 3043 atquo
397 2962 584 3031 ¹aoousativi
605 2962 739 3028 formam
760 2963 851 3030 illam
874 2965 1069 3048 singularem
1084 2961 1142 3047 τρέ
1167 2963 1309 3045 praebet,
1332 2981 1415 3044 quau

266 3075 331 3124 ex
352 3057 575 3139 antiquissima
597 3069 649 3122 too
671 3068 749 3126 nata
771 3067 828 3128 est.

375 3166 468 3232 Hane
481 3167 577 3250 igitur
598 3169 769 3236 formarum
788 3171 1019 3237 (loricarum
1041 3171 1156 3237 seriem
1178 3168 1414 3254 proposuerim:

133 3355 175 3411 .*
208 3345 250 3352 ’“
379 3341 407 3414 1)
494 3334 619 3419 *msjut
924 3343 956 3417 2)
1087 3337 1216 3424 *mojrtt

478 3421 639 3573 *i-plojoc
702 3486 704 3490 ’
1082 3425 1249 3578 *e-pip‘og

481 3725 484 3732 Ι
511 3572 612 3724 apolog
1111 3576 1221 3727 ἓμὲως

346 3757 442 3843 ipsios
516 3758 619 3842 ἐμοῦς
683 3759 783 3843 epotis
926 3763 1030 3846 ἒμίως
1306 3763 1396 3847 spois

925 3915 1009 3999 ἒμίω
1034 3917 1100 3988 (cfr.
1123 3913 1271 3996 etiamst)

379 4036 422 4100 Et
441 4035 475 4101 in
497 4038 640 4104 seeundo
661 4059 815 4122 persona:
