3226 4948
277 442 339 505 362
736 436 738 442 ’
789 448 881 518 Spiess

275 627 460 709 conjectura
471 626 564 692 ¹illam
581 623 789 692 mutationem
806 631 871 691 tam
887 626 952 691 late
971 629 1134 708 patentem
1150 626 1263 693 fecisse
1285 633 1401 709 putan-

276 724 336 790 dus
358 730 423 806 611,
452 730 484 790 et
507 744 577 790 cum
600 724 652 789 hio
673 723 886 807 aequabiliter
909 742 1019 789 omnes
1042 723 1233 789 recentiores
1259 725 1401 807 proprie-

274 828 357 888 tates
386 821 564 888 Boeolicae.
589 822 718 895 dialecti
752 827 949 905 appareant,
982 822 1070 904 apud
1099 827 1241 886 nostrum
1270 829 1398 904 poetam

274 941 357 986 unus
378 926 502 985 tantum
526 939 566 986 ex
588 919 816 985 recentioribus
838 918 1038 984 Laconismis
1060 921 1093 983 in
1117 919 1259 985 carmina
1288 919 1399 985 illatus

274 1025 333 1100 est,
356 1038 421 1082 non
444 1037 494 1083 ex.
517 1037 563 1100 gr.
587 1040 625 1081 σο
649 1038 706 1100 pro
728 1041 763 1096 ο,
794 1016 879 1099 quod
909 1023 941 1083 et
966 1015 998 1080 in
1023 1015 1182 1083 Corinnae
1205 1017 1398 1083 carminibus

274 1115 407 1184 extabat
434 1121 466 1181 et
494 1115 527 1180 in
551 1114 775 1199 Aristophanis
805 1114 921 1197 glossis
946 1113 1131 1197 Laconicis3
1159 1134 1201 1181 ne
1225 1137 1245 1180 σ
1268 1114 1397 1198 quidem

273 1213 357 1278 inter
389 1213 517 1278 vocales
550 1211 726 1280 delebatur.
769 1212 862 1278 Hanc
890 1212 930 1277 ob
964 1201 1093 1278 causam
1128 1210 1170 1276 ad
1203 1219 1329 1296 tempus
1362 1213 1396 1278 in

274 1309 379 1375 medio
403 1309 588 1392 reliquimus
610 1329 692 1393 rem3
724 1310 781 1375 sed
805 1309 982 1392 videamus,
1005 1330 1081 1375 num
1104 1329 1145 1376 ex
1169 1309 1248 1393 ipsis
1269 1311 1398 1376 Alcma-

272 1407 365 1473 nicae
393 1409 499 1492 poesis
526 1408 669 1490 reliquiis
697 1407 819 1490 aliquid
850 1407 957 1490 colligi
985 1407 1102 1490 possit,
1133 1428 1208 1473 nam
1234 1428 1299 1473 non
1323 1407 1396 1475 oon'·

272 1511 394 1580 stanter
422 1506 455 1570 in
485 1506 601 1572 nostris
623 1505 810 1588 fragmentis
833 1526 854 1569 σ
876 1525 933 1588 pro
956 1509 985 1569 θ
1006 1493 1171 1588 reperitur.
1217 1507 1266 1570 Ea
1288 1514 1395 1572 autem

272 1602 380 1667 omnia
394 1604 583 1684 omittemus,
607 1604 640 1668 in
656 1603 769 1686 quibus
784 1605 930 1670 Lacones
944 1606 973 1668 θ
988 1603 1117 1669 omnino
1134 1622 1198 1668 non
1221 1610 1394 1686 mutarunt,

272 1699 325 1764 ubi
348 1720 419 1766 curn
441 1689 514 1768 aliis
536 1700 684 1768 consonis
707 1701 795 1766 hisce
816 1700 920 1767 modis
937 1701 1141 1785 conjunctum
1158 1707 1221 1766 est:
1246 1705 1304 1780 σθ,
1329 1706 1393 1787 φθ,

270 1801 326 1874 νθ,
351 1798 493 1881 ³4,-etp,
517 1819 599 1881 quae
620 1799 699 1866 satis
721 1799 902 1881 frequenter
923 1798 1083 1880 leguntur.
1114 1797 1220 1863 Etiam
1243 1798 1394 1866 traditum

271 1885 334 1975 est,
363 1916 427 1960 non
450 1902 606 1962 mutatum
629 1916 699 1963 esse
720 1900 757 1975 θ,
784 1898 811 1962 si
833 1915 971 1979 sequens
993 1896 1122 1979 syllaba
1143 1915 1164 1960 a
1187 1917 1207 1960 σ
1229 1895 1393 1982 inciperet,

271 2011 405 2074 quocum
440 2002 618 2076 congruunt
647 1993 834 2059 Alcmaniea
868 1992 1032 2074 exempla:
1073 1990 1249 2069 Θεσσαλὸς
1282 1993 1318 2058 11.
1342 1998 1392 2077 25,

273 2088 452 2173 Θεσσαλέῳ
474 2089 510 2153 11.
534 2092 584 2172 95,
608 2088 804 2156 ἐπιθέσθαι
824 2090 862 2154 11.
885 2093 939 2168 64,
963 2085 1168 2152 ἀποθέσθαι
1190 2088 1227 2154 11.
1251 2092 1302 2172 91,
1325 2089 1395 2178 θή-

271 2206 334 2250 σαο
369 2186 472 2257 (codd.
496 2191 614 2264 θεῖσα)
644 2188 681 2252 11.
705 2192 755 2252 34.
801 2189 850 2253 Ea
879 2205 954 2252 vero
986 2185 1205 2252 enumeranda
1237 2195 1325 2270 sunt,
1359 2189 1393 2253 in

269 2282 384 2364 quibus
406 2285 614 2351 mutationem
630 2284 747 2350 iactam
763 2305 834 2352 esse
849 2284 974 2350 scimus.
1006 2283 1166 2349 Laconica
1189 2284 1282 2350 litera
1299 2291 1393 2359 utun·

236 2375 241 2386 ’
268 2387 328 2462 tur,
359 2401 440 2464 quae
462 2402 483 2446 a
504 2386 532 2445 θ
554 2383 649 2466 vulgo
678 2383 853 2466 incipiunt:
891 2378 1254 2462 σα1οσσομέ6οισ’
1279 2383 1316 2449 11.
1341 2386 1392 2464 84,

269 2476 448 2558 σάλεσσι
477 2480 513 2546 11.
540 2484 593 2562 13,
627 2478 775 2546 σάλλει
797 2481 834 2546 11.
858 2482 898 2544 tc
928 2479 1010 2558 (cod.
1035 2474 1117 2555 ὅκας
1148 2474 1223 2542 ἀλλ’
1248 2477 1279 2546 εἰ
1307 2481 1391 2563 μέν),

269 2583 347 2642 σιιῦ
355 2602 372 2641 ν
394 2598 469 2661 pap.
492 2582 521 2643 2.
545 2582 564 2643 2
588 2597 657 2643 oum
680 2597 744 2643 vox
766 2577 964 2661 praecedens
987 2579 1020 2642 in
1043 2599 1061 2652 ς
1082 2583 1177 2643 exeat
1198 2580 1262 2654 (τις
1285 2582 1390 2658 σιῶν),

267 2669 475 2759 ἦμι·σέων
515 2695 590 2760 pap.
616 2681 643 2741 1.
675 2681 703 2742 7.
761 2672 938 2759 Σεράπνας
977 2674 1014 2739 11.
1043 2679 1063 2737 4
1096 2673 1323 2741 Schneidewin
1360 2682 1392 2743 et

268 2773 377 2854 Bergk
413 2774 609 2856 scripserunt
643 2774 753 2840 codice
784 2776 813 2839 A
846 2771 1001 2838 Prisciani
1038 2767 1203 2856 εὐτσρχων
1240 2796 1391 2856 εραπνας

266 2870 451 2954 praebente.
496 2869 615 2937 Contra
636 2875 665 2936 θ
687 2877 790 2937 extat:
813 2875 942 2956 θίγῃς
965 2869 1002 2934 11.
1019 2873 1059 2934 38
1081 2870 1120 2933 cf.
1137 2874 1233 2952 σιγῆν
1255 2870 1389 2951 Lysistr.

269 2971 361 3048 loon,
384 2967 573 3054 ουραιὴρ
596 2968 633 3033 fr.
650 2973 701 3034 45.
725 2973 775 3034 48.
800 2974 849 3033 51.
874 2971 925 3032 sa.
949 2971 989 3032 cn
1022 2971 1158 3051 θῆρες
1180 2963 1216 3028 fr.
1236 2967 1285 3044 co,
1309 2970 1389 3050 οη-

266 3069 347 3147 ριῦν
370 3065 406 3130 fr.
422 3069 463 3131 20
485 3066 524 3131 cs.
545 3064 727 3153 σηροκτόνε
751 3066 883 3148 Lysistr.
910 3067 999 3145 1262,
1023 3067 1157 3145 θέρος
1179 3060 1215 3125 11.
1240 3065 1290 3143 76,
1312 3066 1389 3128 θε-

266 3158 450 3245 ράποντε
474 3163 510 3228 fr.
530 3168 598 3245 101,
622 3161 825 3228 θιάσοισι
848 3164 884 3228 11.
909 3167 959 3244 24,
983 3165 1133 3226 θεοῖσι
1155 3158 1191 3222 11.
1216 3162 1267 3241 34,
1292 3181 1390 3224 σον-

266 3262 449 3340 θέμενος
479 3261 515 3326 11.
542 3264 578 3324 17
612 3263 650 3327 11.
680 3267 766 3328 σέτω
795 3262 928 3346 Lysistr.
956 3262 1046 3325 1081.
1092 3255 1247 3322 Incertius
1275 3253 1389 3335 θοίνας

264 3357 301 3422 11.
326 3359 376 3422 87.
407 3393 447 3404 -
476 3360 515 3424 In
544 3360 658 3426 mediis
686 3359 851 3426 vocabulis
877 3359 959 3424 inter
981 3356 1110 3422 vocales
1139 3373 1280 3439 papyrus
1309 3355 1390 3421 hacc

265 3455 414 3537 exempla
437 3456 582 3524 exhibet:
620 3455 756 3523 πέσον
779 3461 809 3522 2.
836 3463 862 3537 1,
890 3452 1112 3520 Λέκαισον
1138 3459 1164 3517 1.
1188 3453 1218 3517 2.
1263 3451 1389 3519 Deinde

265 3549 283 3616 έ
291 3574 339 3638 op
350 3577 393 3618 κε
410 3553 445 3617 11.
459 3557 509 3619 76.
542 3553 690 3621 Alcmani
701 3554 854 3631 tribuitur
867 3553 1021 3637 Hesychii
1035 3553 1145 3634 glossa
1160 3546 1388 3616 Ἀσαναίων.

264 3650 326 3717 Per
347 3652 375 3713 θ
396 3650 535 3717 litteram
557 3654 676 3737 scripta
697 3658 786 3717 sunt:
816 3648 1095 3734 κιθαρίσδειν
1118 3647 1155 3712 11.
1179 3650 1229 3728 35,
1260 3652 1389 3712 utco-

265 3752 414 3832 ρίσναν
436 3749 473 3815 11.
498 3754 552 3831 66,
587 3755 771 3826 πειθοῦς
793 3749 830 3813 11.
855 3752 912 3828 62,
943 3745 1047 3812 ἕθεν
1069 3746 1107 3811 11.
1131 3748 1188 3826 69,
1219 3769 1388 3833 προμη-

264 3848 392 3921 θείας
414 3846 451 3912 11.
475 3851 525 3912 62.
571 3848 646 3915 Post
668 3873 686 3932 ρ
710 3847 810 3918 semel
832 3845 949 3927 legitur
972 3866 1007 3909 o:
1031 3846 1267 3929 παρσένοις
1290 3844 1388 3918 (Max.

202 3939 205 3944 ’
264 3939 462 4026 Ρ11111.παρ’
487 3939 522 4010 σ’
541 3942 630 4022 ένοις
654 3941 786 4012 111έπ’
811 3939 968 4026 ἀρσένοις
990 3942 1087 4007 Prisc.
1111 3941 1323 4023 παρθένοις),
1347 3939 1387 4004 cf.

264 4043 412 4120 παρσένε
429 4044 672 4129 Lysistr.1263;
695 4047 806 4109 contra
821 4045 864 4106 θε
888 4035 1131 4124 παρθενικαί
1153 4037 1189 4101 11.
1207 4038 1258 4114 26,
1281 4058 1388 4121 παρ-
