3226 4948
240 430 243 439 η
288 461 350 523 392
811 465 888 535 Ruge

286 639 302 699 i
321 643 475 703 exeuntes
498 638 581 704 inter·
602 659 637 705 se
659 639 847 705 commixtas
870 658 956 718 esse,
987 658 1027 705 ex
1054 639 1105 705 his
1127 639 1237 706 formis
1259 648 1411 722 apparet:

288 735 373 807 used,
399 734 484 797 antid
504 733 551 811 (b.
574 737 599 802 Ι.
623 737 649 817 Ι,
673 741 742 817 61),
772 735 979 809 coecatiom'd,
1004 737 1157 830 oc’rtutei,⁸
1168 735 1294 819 fontei,
1316 738 1413 828 dotet,

282 842 385 916 patro,
409 832 497 897 cuius
515 833 602 898 vocis
618 835 776 918 syllabam
792 833 936 899 ultimam
959 833 1147 917 productam
1171 835 1268 901 fuisse
1291 853 1333 900 ex
1355 835 1414 900 illo

181 985 184 998 ,
287 949 382 995 versu
404 929 552 995 Saturnio
574 931 788 1014 intellegitur:

374 1026 523 1092 Gnaivod
545 1033 636 1109 patre
659 1033 835 1112 prognatus
849 1064 891 1075 -—
906 1027 997 1092 fortis
1020 1034 1070 1093 vir
1092 1029 1296 1112 sapiensque.
1334 1029 1369 1095 Ο.
1386 1032 1413 1095 Ι.

287 1126 317 1206 Ι,
343 1128 394 1189 30.
869 1130 874 1142 ’

373 1220 543 1287 Ablativus
565 1230 671 1289 autem
694 1225 857 1289 nominum
879 1223 913 1287 in
929 1224 943 1284 i
962 1223 1214 1290 exeuntiumsic
1237 1229 1324 1290 ortus
1347 1232 1414 1292 est:

288 1317 425 1382 sorti-ed
449 1353 487 1362 —
514 1321 631 1403 rorttd3
663 1329 729 1386 tum
756 1319 944 1388 consonanti
968 1320 1129 1386 demissa
1156 1323 1379 1405 atquevocali
1403 1325 1418 1384 i

287 1417 320 1481 in
344 1421 521 1497 ammata,
551 1437 644 1484 casus
666 1420 825 1484 ablativus
848 1438 918 1483 oum
942 1417 1051 1482 dativo
1075 1419 1143 1484 sive
1163 1418 1313 1500 locativo,
1338 1440 1415 1501 quo-

287 1534 356 1578 rum
372 1520 504 1596 uterque
519 1533 620 1596 casus,
645 1517 813 1598 quominus
828 1517 891 1579 iam
907 1521 1004 1580 antea
1020 1514 1156 1580 eandem
1170 1515 1303 1582 formam
1321 1537 1415 1600 prae·

287 1612 409 1692 herent,
435 1611 562 1677 diversa
583 1620 706 1678 tantum
723 1613 826 1679 finalis
842 1612 989 1696 syllabae
1004 1614 1167 1693 quantitas
1188 1612 1414 1696 impetiverat,

287 1710 332 1775 ita
354 1709 615 1791 coniungebatur,
639 1719 672 1776 ut
694 1731 769 1777 usus
784 1711 956 1776 formarum
971 1701 1059 1783 rori,
1083 1700 1156 1773 rari
1181 1729 1245 1774 non
1262 1709 1413 1776 differret.

375 1820 519 1884 Vidimus
541 1819 636 1902 igitur
657 1821 691 1884 in
714 1821 860 1886 omnibus
889 1819 1005 1902 linguis
1028 1820 1145 1886 italicis
1168 1821 1303 1903 pluralis
1325 1822 1414 1886 abla-

287 1919 387 1984 tivum
403 1924 435 1982 et
456 1917 638 2000 locativum,
662 1917 695 1981 in
718 1917 821 1982 latina
836 1917 1007 2000 singularis
1024 1937 1149 1999 quoque
1165 1917 1300 1983 duarum
1317 1919 1415 1985 decli·

265 2016 452 2103 ‘nationum
475 2014 508 2078 in
531 2034 627 2078 unum
652 2034 722 2080 esse
745 2013 938 2080 coniunctos.

679 2397 681 2400 .
749 2332 873 2448 Carus
900 2335 950 2412 II.

567 2522 625 2585 nn
650 2522 856 2586 nssnsrrvr
881 2521 1015 2588 orsus
1039 2521 1133 2589 usu.
1253 2481 1255 2484 ⁵
1337 2482 1341 2490 ⁵

374 2690 452 2759 Octo
467 2710 607 2773 casuum,
631 2689 733 2772 quiin
749 2689 896 2756 omnibus
919 2690 1037 2774 linguis
1051 2690 1321 2774 indogermanicis
1338 2691 1414 2757 olim

259 2857 262 2862 ,
288 2789 468 2870 exstabant,
490 2787 602 2870 lingua
623 2788 726 2853 latina
741 2794 864 2871 septem
887 2787 939 2852 vel
962 2789 1069 2872 potius
1091 2807 1151 2854 sex
1168 2789 1317 2870 servavit,
1342 2809 1414 2855 cum

287 2886 444 2952 locativus
471 2885 588 2966 partim
611 2885 654 2966 ad
677 2883 769 2950 usum
798 2885 875 2950 satis
897 2886 974 2950 artis
1004 2884 1119 2951 linibus
1141 2887 1413 2968 circumscriptum

288 2990 320 3048 et
347 2982 414 3048 fere
441 2980 660 3046 adverbialem
691 2981 904 3062 reduceretur,
939 2983 1054 3063 partim
1084 3001 1155 3044 cum
1184 2981 1257 3045 aliis
1286 2982 1417 3050 casibus

287 3078 498 3156 coalesceret,
530 3077 717 3156 quibuscum
745 3096 811 3141 una
839 3097 859 3140 a
887 3077 1049 3158 plerisque
1077 3077 1304 3159 grammaticis.
1323 3099 1415 3162 prae·

287 3175 401 3260 teritae
428 3179 621 3254 nostraeque
638 3173 763 3238 ‘aetatis
793 3173 999 3238 tractabatur.
1044 3173 1140 3239 Cuius
1162 3174 1208 3240 rei
1231 3179 1414 3260 exemplum

288 3271 484 3353 luculentum
513 3268 573 3333 boc
602 3276 665 3334 est:
702 3271 890 3354 plerumque
919 3270 1035 3337 dictum
1065 3280 1114 3338 est
1149 3273 1223 3353 rori
1250 3272 1326 3356 (oqf
1345 3274 1414 3336 dom

287 3369 424 3448 Laude),
440 3372 475 3432 at
488 3387 565 3428 rore
575 3377 711 3449 paterno
728 3369 805 3451 (oqf
814 3370 843 3435 d.
860 3371 970 3432 obterl.
984 3370 1161 3454 Londqat);
1176 3378 1312 3454 apparet
1327 3370 1413 3438 enim

287 3463 361 3530 rori
380 3471 550 3550 propterea
572 3484 642 3530 cum
665 3466 824 3534 adiectivo
847 3469 1047 3534 coniunctum
1064 3489 1128 3534 non
1143 3488 1224 3549 esse,
1249 3467 1333 3550 quod
1356 3468 1413 3534 ad·

288 3563 432 3630 verbium
455 3567 534 3627 orat.

301 3707 304 3713 -
375 3661 486 3727 Sermo
509 3660 637 3742 latinus,
661 3662 767 3744 qualis
782 3662 814 3726 in
830 3663 1060 3744 antiquissimis
1083 3662 1307 3742 monumentis,
1332 3681 1413 3744 quae

289 3759 418 3844 quidem
440 3758 484 3822 ad
506 3778 564 3823 nos
592 3767 822 3842 pervenerunt,
854 3767 976 3844 exstat,
1006 3759 1261 3842 praepositiones
1283 3760 1413 3842 saepius

288 3857 321 3921 in
344 3875 435 3922 usum
458 3875 548 3920 suum
563 3856 735 3921 ‘convertit
759 3875 853 3938 quam
881 3857 1026 3938 sequenti
1048 3863 1192 3940 tempore
1213 3855 1330 3921 factum
1354 3864 1412 3938 est,

289 3972 351 4034 quo
374 3950 668 4034 certiorequadam
698 3953 771 4034 lege
800 3973 949 4035 purorum
972 3973 1102 4019 casuum
1125 3973 1319 4036 casuumque
1341 3973 1412 4018 cum
1472 3969 1474 3974 ·

287 4047 579 4134 praepositionibus
595 4049 833 4115 coniunctorum
849 4071 924 4116 usus
940 4050 1152 4134 distinguitur.
1183 4050 1289 4129 Quare
1305 4051 1413 4120 Plauti
