3208 4928
315 468 377 531 336
640 539 643 546 .
830 470 922 540 Spiess

314 665 438 713 musam
459 666 561 732 prope
582 645 720 730 ooeedit,
750 652 785 712 ut
811 643 952 712 medium
978 644 1063 710 inter
1084 649 1236 728 utrosque
1256 644 1362 711 looum
1385 644 1457 712 ob·

312 744 424 810 tinent.
469 743 561 824 Quod
584 763 656 810 eum
678 744 790 827 negari
812 748 967 826 nequeat,
997 747 1107 808 amen
1134 762 1200 808 uon
1229 740 1340 825 video,
1376 763 1452 827 quo

309 841 384 926 jure
410 841 483 926 ipse
509 848 605 926 poeta
626 861 648 907 a
668 841 827 908 Teuffelio
857 837 1110 928 (Eneyelopddie
1131 839 1175 916 1²)
1197 839 1352 908 Aeolibus
1380 841 1449 907 ad-

309 937 483 1024 judicetur.
528 939 612 1006 Nam
641 957 835 1023 quamquam
863 936 1020 1020 eoneedo,
1048 936 1076 1003 si
1097 937 1233 1002 Aleman
1259 938 1449 1022 Spartanus

312 1036 439 1118 suisset,
463 1035 708 1103 admirationem
724 1055 796 1104 esse
812 1043 969 1103 moturam
992 1035 1168 1102 earminum
1192 1035 1262 1119 ejus
1283 1034 1446 1122 indolem,

312 1152 377 1198 uon
405 1132 492 1199 idem
521 1133 563 1202 de
591 1133 722 1201 homine
750 1154 791 1201 ex
812 1133 919 1218 Lydia
950 1132 1085 1200 oriundo
1114 1137 1202 1217 puto.
1246 1134 1330 1222 Nam
1359 1133 1446 1217 quid
1503 1140 1506 1146 '

312 1249 372 1296 nos
400 1230 549 1314 impedit,
579 1251 621 1300 ne
649 1232 684 1297 in
712 1231 774 1298 hae
802 1237 888 1298 terra
915 1229 1084 1298 adunatum
1112 1229 1251 1298 eumad
1278 1229 1445 1313 ejusmodi

113 1409 121 1416 ,
195 1342 198 1347 ’
312 1329 456 1394 earmina
486 1329 616 1412 ingenio
650 1349 707 1396 suo
740 1329 913 1413 impulsum
946 1348 1018 1404 esse
1053 1327 1256 1417 eradamus?¹
1287 1327 1357 1393 Hoe
1389 1346 1446 1394 re·

313 1426 458 1510 spexisse
478 1425 606 1494 videtur
628 1425 803 1508 Himerius,
826 1445 897 1492 eum
920 1423 972 1493 Or.
991 1425 1020 1492 V
1042 1430 1061 1492 3
1083 1426 1144 1494 ait:
1172 1422 1354 1508 Ἀλκμαίων
1376 1422 1442 1511 τὴν

311 1520 445 1608 Δώριον
469 1520 570 1608 λύραν
590 1522 740 1601 Λυδίοις
762 1521 909 1609 κεράσας
932 1519 1091 1610 ᾄσμασιν.
1131 1523 1222 1590 Etsi
1244 1521 1316 1606 quis
1338 1523 1443 1590 srae-

310 1641 419 1688 oorum
447 1621 559 1690 literas
586 1642 608 1689 a
634 1623 772 1689 barbaro
801 1621 933 1688 homine
959 1625 1129 1705 proventus
1162 1639 1233 1688 esse
1261 1641 1327 1687 non
1355 1621 1440 1702 vult,

310 1719 434 1804 majore
455 1720 529 1805 jnre
551 1720 681 1786 Ionioae
703 1720 794 1804 stirpi
817 1719 1006 1786 Alemanem
1031 1718 1212 1786 attribuerit
1234 1736 1330 1801 quam
1352 1718 1438 1785 Aeo·

310 1816 402 1900 lioae,
429 1838 500 1885 oum
523 1816 678 1885 Sardibus
700 1817 870 1884 notuerit.

678 1991 698 2068 ξ
722 1990 750 2052 3.
797 1988 852 2052 De
874 1985 1068 2053 sontibus.
1487 2079 1490 2084 Ι

395 2105 561 2170 Alemanis
582 2104 757 2168 carminum
779 2103 974 2194 fragmenta,
998 2123 1081 2188 qnae
1102 2109 1289 2188 supersunt,
1312 2103 1435 2188 primus

310 2201 441 2284 eollegit
465 2209 498 2268 et
526 2201 675 2266 traetavit
696 2201 864 2284 Weleker3
892 2208 964 2286 post
991 2201 1077 2267 huno
1105 2207 1347 2284 reeensuerunt,
1379 2200 1435 2284 qui

310 2306 423 2384 poetas
444 2300 563 2384 lyricos
578 2299 719 2366 Graecos
736 2299 771 2363 in
787 2319 884 2366 unum
899 2319 1014 2383 eorpus
1036 2298 1235 2382 redigebant,
1259 2297 1434 2365 Schneide-

310 2398 373 2465 win
403 2404 436 2465 et
458 2398 582 2482 Bergk,
613 2397 667 2481 qui
695 2397 864 2481 praeclaro
892 2403 1052 2480 apparatu
1081 2389 1190 2462 aritine
1212 2415 1251 2462 ea
1272 2394 1431 2477 instruxit,

310 2515 373 2580 qua
401 2516 436 2564 re
465 2495 509 2562 ad
540 2502 683 2562 nostmm
716 2494 913 2580 propositum
942 2495 995 2560 vel
1022 2493 1162 2560 maxime
1189 2493 1310 2560 idonea
1342 2493 1430 2578 leeit3

310 2614 458 2662 numeros
480 2591 595 2660 tertiae
616 2592 767 2659 editionis
789 2591 886 2678 hujus
908 2590 1014 2675 operis
1036 2597 1162 2658 sanutus
1183 2611 1263 2657 sum.

393 2692 506 2775 Longe
533 2690 673 2775 plurima
701 2690 882 2776 fragmenta
902 2689 1091 2755 nominatim
1114 2688 1263 2754 Alemani
1285 2708 1306 2754 a
1327 2699 1431 2772 gram·

309 2788 434 2855 malinis
456 2786 670 2870 vindieautnr,
699 2807 803 2872 panea
831 2806 872 2852 ex
893 2785 1079 2870 oonjeetura
1099 2784 1161 2850 viri
1183 2784 1270 2852 dooti
1292 2784 1321 2852 ei
1343 2786 1430 2851 attri-

308 2888 455 2953 buerunt.
495 2886 618 2970 Majore
639 2883 703 2952 fide
724 2887 756 2950 ei
777 2885 992 2968 assignantur,
1015 2901 1098 2967 qnae
1121 2882 1230 2966 Bergk
1252 2882 1286 2948 in
1309 2888 1430 2950 textum

307 2985 429 3067 reoepit
456 2983 495 3048 fr.
519 2987 558 3048 53
588 2989 620 3048 et
650 2984 690 3046 54
718 2981 757 3046 of.
781 2980 971 3064 Apollonius
999 2979 1041 3046 de
1066 2994 1162 3064 pron.
1186 2983 1248 3046 366
1271 2978 1304 3045 (l.
1349 2980 1430 3047 Item

308 3080 346 3145 fr.
370 3083 398 3144 8.
422 3082 473 3143 21.
498 3083 537 3142 57
567 3078 637 3161 ejus
665 3096 737 3143 esse
761 3075 921 3141 videntur.
965 3077 1136 3144 Praeterea
1157 3077 1313 3143 Muellero
1340 3096 1431 3161 prae

308 3183 404 3246 eunte
425 3175 553 3242 Ahrens
574 3174 723 3257 probavit
744 3173 885 3258 glossam
901 3174 1141 3260 Hesyohianam
1162 3170 1351 3242 Ἀσαναίων
1366 3174 1430 3241 πό-

308 3275 375 3340 λιν·
408 3271 469 3351 τὰς
494 3269 660 3359 Ἀφίδνας
687 3271 769 3352 (eod.
793 3267 970 3351 Ἀσανέων)
998 3273 1148 3339 Alemaui
1177 3271 1296 3341 deberi.
1340 3275 1430 3342 Idem

309 3378 427 3458 (progr.
456 3371 519 3456 lye.
541 3369 688 3436 Hunnov.
716 3373 796 3437 1868
818 3391 851 3454 p.
876 3373 927 3449 19)
957 3370 1121 3438 verisimili
1150 3371 1335 3455 oonJeotura
1356 3372 1430 3438 Ale·

308 3471 396 3537 mani
427 3467 570 3534 vindieat
597 3467 709 3551 adeep.
733 3472 770 3531 41
804 3473 837 3534 et
862 3467 884 3533 l.
907 3470 930 3534 l.
958 3490 991 3553 p.
1015 3474 1033 3534 7
1062 3469 1187 3534 mavult
1216 3468 1260 3534 ad
1287 3475 1429 3538 nostrum

308 3574 437 3652 poetam
459 3584 612 3634 revooare
633 3583 728 3648 quam
744 3565 787 3630 ad
803 3565 957 3632 Aloaenm
979 3567 1121 3650 glossam
1136 3566 1292 3652 Hesyohii
1312 3589 1429 3652 τετρα-

306 3662 443 3751 βαρήων
467 3662 623 3726 πλίνθων
646 3662 703 3726 καί
723 3659 891 3746 τάγματα·
917 3659 1089 3743 Ἀλκαῖος,
1120 3683 1192 3729 eum
1214 3663 1272 3729 illa
1299 3663 1430 3729 nomina

307 3759 499 3845 eomplnries
527 3762 708 3841 permutata
732 3759 806 3825 sint.
850 3760 924 3826 Non
947 3761 1051 3827 minus
1074 3759 1185 3845 adesp.
1210 3760 1431 3826 34-36Α1τ·

307 3857 395 3924 moni
423 3854 637 3922 vindicantur.
681 3853 801 3922 (lontra
828 3857 1054 3942 abjudioantur
1081 3857 1123 3924 ab
1153 3877 1191 3925 eo
1220 3857 1257 3923 ir.
1281 3861 1300 3924 3
1323 3862 1356 3924 et
1378 3860 1428 3940 30,

308 3972 390 4039 quae
412 3952 602 4037 Apollonius
623 3951 665 4020 de
692 3974 783 4038 pron.
809 3957 869 4020 139
892 3954 917 4022 (l
939 3955 1045 4023 affert:
1081 3953 1227 4021 πλεῖστα
1253 3959 1333 4041 γοῦν
1356 3952 1428 4021 ἔστι

307 4047 393 4136 παρ’
417 4049 548 4134 ἑτέροις
570 4044 698 4136 εὗρεῑν·
727 4049 892 4139 σφέτερον
919 4057 1051 4138 πατέρα
1073 4048 1148 4119 ἄντί
1173 4057 1234 4117 τοῦ
1255 4047 1427 4138 ὑμετέρου,
1577 4055 1578 4116 l
