3226 4948
513 493 555 547 De
572 492 712 548 Alcmanis
729 498 827 562 poetae
845 492 970 549 dialecto.
1245 493 1306 553 357

177 688 245 734 non
261 685 364 748 aeque
380 682 398 729 e
413 665 513 748 stirpe
535 661 622 728 noto
639 663 745 728 cocio
768 666 822 730 vel
844 663 951 744 πωλυ,
973 684 1078 747 neque
1099 684 1183 747 quae
1204 666 1308 734 forma

178 765 268 848 apud
281 764 452 830 Homerum
469 762 690 852 frequentatur
700 761 838 842 πουλύς,
856 783 895 830 ea
906 761 1119 828 adulterinam
1135 763 1307 847 diphthon-

178 883 255 944 gum
277 859 389 926 habuit
411 859 530 942 quippe
554 859 721 941 epenthesi
743 868 821 926 orta.
859 861 974 943 Itaque
995 860 1130 927 fortasse
1152 863 1308 946 conjicias

178 961 272 1024 illam
294 958 439 1024 vocalem
462 957 588 1040 poetica
610 957 749 1038 quadam
772 958 903 1023 licentia
925 976 996 1024 esse
1018 959 1221 1044 productam,
1249 961 1306 1025 sed

179 1058 331 1138 nescitur,
360 1055 568 1139 quamobrem
590 1072 662 1120 eam
691 1061 789 1138 poeta
817 1054 1018 1140 produxerit,
1049 1076 1123 1121 uam
1146 1077 1212 1122 non
1234 1077 1307 1123 con-

179 1153 270 1220 venit
291 1152 443 1234 analogia
458 1151 541 1234 epici
559 1151 697 1227 nominis
712 1151 949 1234 Πουλυδάμας,
973 1154 1048 1237 quia
1070 1154 1154 1220 hanc
1171 1154 1307 1220 formam

180 1251 237 1316 vix
259 1250 426 1332 quisquam
442 1249 483 1316 ab
502 1249 664 1332 adjectivo
685 1247 814 1327 πουλύς
829 1250 987 1333 sejungat.
1018 1253 1082 1316 Res
1097 1252 1307 1318 dubitationis

179 1349 280 1432 plena
302 1355 359 1414 est.
388 1382 430 1392 -
459 1345 679 1413 Confidentiae
702 1348 814 1430 epicae
836 1347 975 1414 dialecto
1002 1349 1169 1414 tribuimus
1192 1346 1307 1432 εἴαρος

179 1445 217 1511 fr.
242 1449 293 1510 26.
317 1450 353 1525 4,
383 1445 410 1510 si
433 1444 562 1527 quidem
584 1451 670 1510 recte
698 1443 824 1526 legitur,
853 1464 1047 1528 quamquam
1074 1447 1109 1511 in
1131 1446 1308 1511 Homericis

180 1542 377 1608 carminibus
398 1562 464 1607 non
485 1542 649 1625 reperitur,
679 1542 712 1607 in
736 1541 850 1624 quibus
873 1561 912 1608 ea
939 1550 1062 1608 tantum
1086 1551 1197 1608 contra
1218 1544 1308 1625 leges

181 1641 312 1723 linguae
341 1638 567 1723 producuntur,
596 1659 678 1722 quae
706 1640 800 1704 aliter
827 1659 893 1705 non
921 1640 954 1703 in
985 1659 1111 1707 versum
1127 1640 1306 1722 quadrant,

181 1757 231 1804 ex.
260 1757 307 1820 gr.
336 1733 485 1818 εἰαρινός
511 1757 533 1802 a
560 1755 639 1802 roos
672 1734 748 1820 ἔαρ,
782 1737 840 1803 sed
873 1737 1064 1820 posteriores
1098 1744 1214 1820 poetae
1247 1739 1308 1803 hac

180 1834 314 1900 lieentia
328 1835 542 1900 abutebantur
565 1842 597 1900 et
618 1836 780 1900 iuvenitur
802 1853 841 1900 ea
855 1833 927 1916 ipsa
945 1854 1019 1916 vox,
1043 1833 1083 1900 de
1106 1855 1168 1916 qua
1189 1835 1306 1916 agitur,

179 1933 214 1998 in
225 1923 346 2016 liymno
356 1932 390 1996 in
400 1931 557 1997 Cererem.
581 1930 728 1997 ceterum
741 1933 869 1997 Hecker
880 1931 1017 2015 conjecit
1030 1930 1122 2016 ἱερὸς
1134 1933 1187 1998 vel
1201 1930 1308 2016 ἱαρὸς,

180 2031 242 2095 hoc
263 2029 399 2098 fortasse
420 2036 516 2112 recte,
540 2049 732 2112 quamquam
749 2029 837 2096 uocis
860 2027 1049 2112 significatio
1065 2050 1130 2096 non
1152 2029 1309 2096 minorem
1326 2044 1329 2050 ·

180 2127 280 2192 habet
302 2125 520 2194 difficultatem
543 2146 638 2210 quam
661 2124 756 2193 lectio
778 2125 932 2192 codicum.
968 2127 1054 2204 (Non
1078 2127 1197 2208 obstat,
1222 2127 1308 2211 quod

182 2222 274 2306 ἱερὸν
297 2224 334 2288 fr.
350 2228 391 2288 40
414 2225 584 2307 anapaesti
606 2244 788 2291 mensuram
812 2223 932 2302 habet.)
966 2211 1064 2303 ‘Quod
1086 2219 1213 2293 Abrens
1230 2225 1309 2314 *Phi-

164 2319 238 2382 lot.
261 2319 392 2383 XXVII
416 2323 476 2384 593
500 2321 650 2402 proponit
673 2318 791 2412 εἰοιρὸςι
810 2348 853 2372 =
876 2319 967 2402 ἰερὸς
982 2351 1025 2373 =
1046 2320 1159 2406 διερὸς
1183 2321 1307 2404 quina,

183 2415 362 2498 fldchtig“),
394 2416 427 2480 id
450 2424 558 2499 aptum
583 2417 745 2499 ceteroqui
767 2417 932 2481 volucrum
955 2416 1120 2499 epitheton
1144 2437 1214 2484 esse
1236 2437 1309 2482 con-

184 2513 341 2594 cedimus,
371 2512 429 2582 sed
458 2514 563 2578 minus
592 2514 759 2594 hocloco,
788 2533 851 2596 quo
874 2530 974 2579 senex
996 2520 1108 2595 poeta,
1139 2534 1231 2595 quern
1254 2514 1308 2578 vix

183 2609 284 2692 pedes
307 2608 480 2692 sustinent,
510 2629 545 2676 se
573 2629 644 2674 cum
672 2609 820 2677 alcedine
848 2616 1014 2692 comparat
1039 2611 1128 2675 senio
1151 2609 1305 2675 conlecta.

592 2835 637 2892 lle
659 2835 905 2892 consonantibus.

467 2967 486 3046 5
512 2967 560 3030 12.
604 2966 662 3030 De
684 2965 877 3031 consonis
899 2964 1029 3030 mutis.

269 3103 342 3168 Non
371 3107 438 3167 tam
466 3122 537 3167 raro
565 3099 651 3183 apud
675 3099 815 3167 Graecos
844 3119 1004 3165 consonae
1033 3107 1141 3165 mutae
1168 3099 1202 3163 in
1227 3100 1310 3166 alias

186 3207 289 3266 mutas
311 3199 468 3279 abierunt,
490 3197 792 3279 sednonnunquam
809 3197 1000 3278 factumest,
1023 3204 1059 3262 ut
1074 3217 1145 3263 cum
1167 3197 1310 3280 vulgaris

185 3297 286 3361 iorma
312 3296 440 3360 literam
469 3295 602 3359 baberet
629 3301 859 3377 permutatam,
890 3296 924 3359 in
955 3295 1100 3361 dialectis
1123 3294 1310 3378 principalis

186 3400 375 3461 servaretur.
420 3391 567 3458 Ceterum
597 3390 637 3456 de
666 3391 716 3456 his
745 3391 989 3472 mutationibus,
1020 3411 1102 3474 quae
1124 3397 1213 3456 certa
1238 3392 1311 3474 lege

186 3498 330 3556 carentes
346 3487 496 3568 existunt,
519 3489 624 3553 tenuis
639 3495 688 3554 est
703 3495 812 3553 nostra
827 3488 976 3569 cognitio.
1006 3488 1106 3570 Apud
1122 3489 1310 3553 Alcmanem

186 3589 282 3653 haee:
305 3606 398 3669 apro
414 3577 455 3651 ri:
480 3579 603 3649 lacfr.
620 3588 886 3666 43.—aprou:
910 3581 1038 3650 b'aotfa
1056 3589 1107 3650 34.
1123 3589 1173 3666 76,
1197 3584 1309 3650 ποκά

185 3685 223 3751 ir.
246 3679 299 3749 42.’
322 3687 378 3766 33,
411 3679 513 3748 ὅκκα
534 3682 572 3747 ir.
595 3684 646 3747 94.
691 3682 756 3749 Sed
778 3681 921 3763 vulgaris
942 3681 1046 3748 forma
1066 3683 1100 3746 in
1122 3681 1310 3748 hexametro

186 3774 279 3847 ποτ’
304 3781 341 3846 ir.
358 3785 410 3844 41.
432 3815 474 3826 -
496 3779 715 3845 ETarentino
735 3779 864 3843 nomine
885 3779 1015 3862 proprio
1024 3775 1129 3844 Ἴκκον
1145 3797 1210 3845 non
1233 3786 1311 3861 puto

186 3899 378 3962 quemquam
400 3878 559 3961 conjicere
580 3876 668 3960 apud
683 3878 828 3941 Lacones
850 3873 1001 3941 insanin
1023 3895 1082 3941 usu
1097 3874 1205 3942 fuisse.
1236 3877 1309 3943 Non

187 3977 228 4042 ab
250 3976 361 4042 indole
383 3975 478 4059 hujus
500 3974 631 4041 dialecti
647 3971 801 4039 recedunt
816 3969 961 4036 ἱππόται
976 3972 1013 4037 fr.
1032 3975 1081 4054 12,
1103 3971 1211 4050 ἵππος
1233 3995 1309 4057 pap.

188 4078 217 4138 2.
240 4077 291 4157 25,
315 4079 344 4138 2.
371 4079 419 4139 13.
440 4109 491 4138 ,-
517 4096 538 4153 χ
560 4092 618 4155 pro
640 4075 685 4135 d:
715 4066 895 4153 ὀρνίχων
918 4069 954 4134 ir.
979 4073 1030 4152 67,
1060 4070 1101 4136 de
1123 4089 1187 4152 qua
1208 4070 1312 4136 forma
