3208 4928
291 448 355 510 306
789 451 923 506 Schrader

290 621 521 708 proposuerim.
551 620 636 686 Illud
651 620 747 703 eninr,
770 621 804 686 ni
825 622 930 703 fallor,
953 629 1009 689 aut
1026 641 1066 687 ex
1080 623 1232 705 analogia
1247 623 1420 690 verborum

292 721 325 785 in
348 717 430 784 -ιάω
454 716 613 796 savarde,
639 717 851 805 ospoapysoiw
867 726 927 785 ete.
950 718 1089 796 (Curtius
1111 719 1199 786 verb.
1223 719 1240 784 1
1262 724 1336 800 349)
1358 721 1421 786 ior·

292 818 372 883 mari
388 816 491 900 potuit
506 821 571 892 aut,
595 834 666 879 oum
689 813 805 896 ἐλαχία
827 817 922 883 faoile
936 816 979 882 ad
1002 814 1147 897 *ἐλαχέα
1163 816 1216 889 (of.
1232 824 1307 883 oret.
1323 815 1420 896 θιός,

291 913 408 997 iopes,
432 910 552 989 ἰόντες)
574 911 684 978 referri
707 913 817 996 possit,
840 934 876 981 re
889 933 969 981 vera
982 914 1099 980 veteris
1114 920 1135 976 ᾱ
1150 915 1287 998 vestigia
1299 914 1422 982 radicis

289 1011 349 1096 po,
380 1029 514 1093 quaeum
536 1009 636 1074 verba
659 1016 821 1076 eontraota
843 1012 1020 1095 eomposita
1043 1030 1114 1078 esse
1138 1031 1235 1094 supra
1262 1013 1420 1078 monitum

292 1114 351 1190 est,
373 1105 580 1191 ognosoenda
602 1111 684 1172 sunt.
1217 1131 1221 1139 -

806 1278 826 1356 ξ
853 1281 902 1342 15.

377 1411 436 1477 His
468 1409 622 1494 expositis
654 1409 757 1492 magis
787 1409 821 1475 in
854 1411 1014 1477 viseera
1042 1411 1210 1476 verborum
1247 1417 1421 1495 penetrare

291 1509 411 1576 licebit.
455 1507 656 1592 Conspicitur
678 1513 785 1573 autem
807 1507 928 1573 vocalis
946 1532 964 1595 η

395 1607 412 1671 I
433 1605 472 1671 in¹
489 1604 699 1689 produotione
718 1604 837 1670 veteris
852 1625 880 1677 a,
904 1623 967 1687 qua
988 1605 1277 1672 ooniunotivus
1299 1603 1422 1689 signifi-

434 1709 538 1786 oatur3
561 1701 651 1787 λέγῃ,
674 1699 819 1788 λέγηται.

246 1865 257 1883 ‚
378 1800 411 1865 II
432 1800 466 1866 in
481 1800 611 1884 syllaba
625 1822 677 1883 -ιη
701 1805 786 1869 (sort.
801 1799 849 1874 id)
872 1797 1103 1881 optativum
1125 1800 1282 1867 formante
1299 1799 1420 1886 ἕ-ιη-ν,

436 1894 612 1983 dado-spo.

289 1994 433 2060 Primum
456 1994 552 2076 igitur
573 1992 614 2058 de
636 1990 838 2057 eoniunotivo
860 2011 975 2075 graeoo
999 1992 1223 2077 exponendum
1246 1995 1316 2079 erit.

377 2093 483 2173 Atque
505 2109 577 2155 oum
594 2088 635 2154 de
656 2087 765 2153 formis
784 2088 864 2170 ipsis
888 2088 1025 2154 dubitari
1047 2095 1186 2172 nequeat
1207 2127 1249 2138 -
1270 2091 1420 2175 frequen·

292 2193 399 2253 tantur
428 2187 515 2253 enim
536 2192 569 2251 et
590 2187 624 2251 in
646 2183 747 2252 titulis
768 2191 801 2251 et
822 2186 856 2250 in
877 2185 968 2252 libris
989 2221 1041 2267 —,
1070 2187 1176 2253 statim
1199 2188 1418 2271 quaerendum

270 2292 352 2367 est,
376 2285 429 2368 qui
451 2284 569 2350 fautum
584 2283 635 2365 sit,
658 2281 740 2348 utin
756 2283 957 2350 ooniunotivo
980 2284 1084 2367 prisea
1097 2285 1219 2350 vooalis
1241 2289 1263 2348 ἃ
1283 2286 1316 2350 in
1337 2285 1419 2368 ipsis

292 2378 518 2449 aeolo-doricis
540 2380 686 2447 dialeotis
708 2379 751 2445 ad
774 2405 793 2466 η
817 2381 1036 2464 delaberetur3
1059 2401 1134 2446 nam
1150 2381 1287 2448 Ahrensi
1310 2382 1418 2448 verbis

292 2481 325 2545 ΙΙ
344 2485 403 2544 145
427 2502 434 2545 :
456 2527 469 2558 „
476 2473 623 2564 βλάπτῃ,
645 2482 787 2565 γίνηται,
810 2479 865 2545 ubi
887 2503 906 2565 η
931 2497 971 2545 ex
987 2503 1003 2544 ε
1019 2485 1129 2544 natum
1145 2478 1313 2545 indicativi
1334 2499 1420 2546 oom-

291 2577 417 2662 paratio
427 2615 429 2620 ·
439 2576 545 2661 prodit
553 2580 577 2658 “‚
599 2593 667 2642 rem
681 2575 784 2658 ipsam
799 2575 889 2642 nullo
904 2574 1000 2640 modo
1015 2576 1183 2659 explanari
1198 2577 1254 2642 vix
1269 2574 1419 2660 estquod

292 2693 457 2757 moneam3
480 2673 552 2757 pari
575 2673 660 2739 enim
681 2672 751 2738 iure
773 2673 889 2757 aliquis
903 2672 1020 2739 dixerit
1040 2673 1076 2738 in
1097 2673 1198 2739 latino
1221 2675 1304 2756 ἱεραί
1318 2697 1326 2739 :
1342 2675 1421 2757 leqit

290 2771 437 2837 venalem
460 2793 479 2834 o
501 2790 542 2837 ex
564 2792 581 2834 e
603 2772 643 2850 (i)
666 2769 833 2859 prodiisse.

377 2869 441 2934 Res
463 2887 539 2934 vero
562 2867 632 2934 sine
654 2868 723 2932 ulla
745 2867 944 2933 dubitatione
967 2866 1046 2932 haee
1067 2866 1141 2931 fuit:

376 2965 550 3047 Postquam
572 2964 706 3047 antiqua
725 2963 784 3028 illa
806 2963 970 3029 indioativi
991 2971 1023 3030 et
1043 2962 1236 3029 ooniunetivi
1257 2964 1416 3030 voealium

291 3060 463 3128 oonoordia
490 3061 525 3124 in
552 3061 675 3126 vooalis
704 3059 897 3125 thematioae
923 3059 1133 3142 produotione
1161 3062 1266 3145 posita
1294 3060 1418 3145 (indog.

290 3157 418 3222 thorota·
432 3179 439 3222 :
455 3155 593 3229 thoreti,
616 3155 818 3222 bdoramoei:
834 3155 1028 3231 bdordmoei)
1051 3158 1170 3242 duplioi
1192 3159 1250 3224 illa
1271 3158 1379 3225 brevis
1396 3179 1418 3222 a

290 3254 412 3320 vooalis
432 3253 468 3318 in
489 3274 506 3315 e
528 3259 560 3320 et
587 3273 606 3315 o
631 3252 807 3320 mutatione
835 3254 961 3320 sublata
983 3261 1048 3336 est,
1082 3255 1227 3322 effectum
1250 3262 1299 3320 est
1326 3262 1417 3321 nota·

291 3351 346 3418 bili
369 3350 426 3417 illo
455 3348 595 3434 graeoae
614 3350 745 3433 linguae
772 3350 878 3417 studio
900 3351 1124 3418 oonoinnitatis
1146 3351 1310 3418 ouiusdam
1332 3351 1420 3418 inter

291 3448 434 3516 eiusdem
457 3447 586 3532 generis
608 3447 727 3513 formas
747 3446 981 3530 prooreandae,
1011 3455 1052 3513 ut
1072 3456 1191 3514 vetos
1213 3457 1234 3512 ᾶ
1255 3447 1418 3514 indita-

290 3546 365 3611 tivi
399 3545 627 3629 exemplum
656 3550 835 3611 seauton
862 3543 909 3610 ad
937 3569 956 3631 η
986 3549 1025 3611 et
1056 3568 1082 3608 ω
1113 3544 1337 3612 aooederet.
1375 3544 1417 3610 af.

290 3642 417 3710 Curtius
444 3641 532 3714 verb.
555 3642 605 3720 ΙΙ,
629 3645 679 3707 65.
723 3639 812 3706 Idem
844 3640 942 3725 igitur
969 3642 1085 3707 faotum
1116 3649 1164 3707 est
1191 3642 1224 3706 in
1252 3641 1417 3727 ts'yproc:

288 3737 440 3824 *hyena
468 3743 565 3820 atque
586 3740 620 3802 in
643 3726 683 3823 ἧς
699 3759 707 3803 t
722 3735 812 3814 ἐστί,
836 3735 965 3824 ποιμήν
981 3760 989 3803 :
1005 3741 1179 3819 ποιμένος,
1201 3742 1326 3826 τίθημι
1342 3762 1349 3804 :
1365 3743 1418 3803 τί·

289 3841 412 3916 espec,
443 3840 514 3899 sert.
538 3833 842 3907 iteremberto,
873 3834 908 3897 ds
924 3856 932 3900 ι
948 3835 1036 3907 aa-ti,
1067 3834 1200 3898 viatoria
1221 3859 1229 3900 a
1252 3835 1417 3910 violandae,

287 3929 438 3994 matema·
451 3952 459 3994 ι
475 3929 634 3995 dodhmds.
1135 3995 1139 4009 .

372 4026 501 4095 Seilioot
521 4026 582 4094 hao
603 4047 730 4111 quoque
747 4028 782 4094 in
802 4048 839 4095 re
860 4028 976 4094 summi
997 4035 1084 4094 esset
1105 4029 1268 4111 momenti,
1290 4029 1318 4095 si
1340 4048 1419 4096 oon·
