3226 4948
492 405 495 410 ¹
516 447 557 502 De
575 447 713 502 Alcmanis
731 447 830 516 poetae
847 444 970 500 dialecto.
1245 438 1308 501 379

181 605 219 692 11.
236 628 287 704 46,
310 619 432 706 τρέφει
448 619 485 684 11.
501 621 553 685 48.
570 623 628 703 66,
652 642 683 684 ει
698 639 755 704 pro
772 641 823 683 ur:
847 612 979 701 άνειρον
995 616 1032 682 11.
1049 621 1099 697 61,
1116 637 1189 701 pap.
1207 620 1309 700 2153

181 747 202 809 η
223 741 280 805 pro
297 725 318 782 ἃ
333 714 376 804 εὴ
401 717 437 782 11.
456 723 484 800 7,
507 713 633 802 ἀνάγκη
658 715 695 782 11.
712 720 763 797 81,
786 712 918 800 ἀδελφή
941 715 979 779 11.
996 718 1046 796 62,
1070 718 1177 799 Κίρκη
1202 713 1240 778 11.
1256 718 1309 791 41,

182 817 330 904 μέμηνεν
352 816 390 881 11.
414 819 471 896 68,
501 810 633 901 ἡγεῖται
654 813 692 879 11.
716 816 773 894 93,
804 816 1022 899 προμηθείαν
1051 812 1088 876 11.
1112 816 1168 894 62,
1201 809 1308 894 δῆμος

181 917 221 982 11.
245 919 296 997 49,
320 909 552 1000 ηδυμέστατος
573 910 610 976 11.
638 915 713 996 131,
739 931 841 994 apro
864 933 901 996 ητ
924 907 1049 996 άγᾷ11.
1075 913 1150 992 121,
1181 907 1310 994 αἷματᾷ
1416 931 1429 940 “

61 1035 65 1042 ·
182 1014 220 1080 11.
237 1017 294 1094 68,
319 1037 351 1078 ει
371 1031 429 1096 pro
448 1033 484 1092 p:
506 1014 602 1076 τίθει
617 1009 654 1075 11.
671 1014 723 1091 45,
747 1006 924 1092 κατάρχειν
938 1007 976 1072 11.
993 1011 1044 1090 24,
1069 1005 1186 1093 φέρειν
1202 1008 1240 1074 11.
1256 1007 1308 1090 26,
1411 1085 1417 1096 ,

184 1109 403 1198 κιθαρίσδειν
431 1108 469 1173 11.
493 1112 549 1190 35,
583 1103 712 1172 ἀείδειν
741 1105 778 1170 11.
803 1109 854 1186 57,
889 1104 1068 1190 δραμεῖται
1098 1127 1172 1190 pap.
1197 1110 1226 1171 2.
1257 1109 1309 1187 25,

183 1205 315 1296 ἡγεῖται
337 1207 374 1274 11.
394 1210 446 1288 93,
468 1216 580 1282 κεῖνος
602 1203 639 1270 11.
659 1207 708 1285 13,
731 1201 860 1279 ἐκεῖνος
882 1202 994 1286 6:143
1018 1227 1057 1267 οο
1080 1225 1139 1287 pro
1162 1227 1205 1270 w:
1227 1210 1310 1285 μοῦ-

184 1327 242 1371 σαι
265 1305 302 1370 11.
319 1309 370 1369 37.
394 1307 445 1386 97,
468 1309 614 1385 καμοῦσι
636 1323 710 1385 pap.
730 1306 756 1364 1.
780 1304 808 1381 2,
832 1304 981 1376 πειθοῦς
1002 1299 1039 1365 11.
1056 1305 1107 1382 62,
1129 1299 1209 1378 τούς
1224 1301 1261 1367 11.
1278 1304 1310 1384 8,

188 1399 431 1469 Οἰνουντιάδαν
455 1401 492 1466 11.
519 1404 588 1480 117,
614 1398 711 1480 δουρὶ
733 1398 770 1462 11.
787 1400 837 1477 68,
862 1395 1006 1480 γούνατα
1029 1397 1066 1462 11.
1083 1402 1140 1480 30;
1164 1423 1179 1462 ε
1203 1418 1261 1482 pro
1280 1421 1309 1464 c:

183 1505 302 1566 θεοῖσι
323 1499 360 1565 11.
386 1503 436 1581 34,
458 1496 601 1581 χράσεσς
624 1497 661 1560 11.
685 1500 742 1579 343
766 1521 785 1582 η
810 1516 868 1580 pro
892 1518 946 1560 aa:
970 1489 1109 1582 ποδώκη
1133 1517 1208 1580 pap.
1236 1501 1262 1561 1.
1280 1500 1309 1577 3,
1381 1575 1390 1591 l

183 1593 324 1683 Εὔτείχη
348 1617 423 1684 pap.
443 1601 468 1660 1.
494 1600 522 1676 6,
546 1590 636 1679 άνθη
660 1592 697 1657 11.
714 1595 771 1676 38;
792 1617 812 1656 τ
833 1613 891 1676 pro
907 1615 942 1658 a:
966 1588 1048 1658 ποτ’
1072 1593 1110 1658 11.
1126 1598 1184 1676 41,
1209 1616 1230 1658 u
1252 1613 1310 1676 pro

182 1717 218 1760 c:
245 1691 402 1760 ar‘idovutv
424 1693 461 1758 11.
486 1697 536 1758 66.
564 1698 590 1757 1.
614 1695 643 1773 6,
668 1689 801 1773 ἐ’χσασιν
823 1690 860 1756 11.
884 1694 935 1772 34,
958 1687 1046 1774 πρὸς
1068 1689 1105 1756 11.
1129 1696 1180 1773 52,
1204 1691 1312 1774 πράς-

183 1817 279 1856 ωπον
302 1811 377 1876 pap.
393 1795 422 1855 2.
439 1795 491 1871 21,
515 1791 553 1857 σὲ
576 1790 613 1854 11.
628 1778 688 1871 ’54η
712 1809 812 1872 opro
832 1808 890 1853 uo:
913 1787 1059 1870 βένθεσι
1081 1788 1117 1854 11.
1135 1794 1185 1872 66,
1208 1787 1309 1855 τόσαι

182 1892 219 1956 11.
245 1895 294 1973 74,
318 1886 396 1955 ὅσαι
419 1889 456 1953 11.
480 1891 538 1970 663
563 1887 749 1953 metathesis
770 1884 932 1968 τέτρατον
955 1884 993 1950 11.
1017 1888 1067 1968 76,
1090 1907 1234 1972 apocope
1256 1909 1310 1955 ne·

182 1989 306 2071 glecta:
334 1985 428 2072 παρὰ
450 1986 488 2051 11.
512 1989 562 2050 46.
586 1989 637 2065 24,
661 1984 819 2068 particula
841 1977 880 2046 δν
904 1982 941 2048 11.
964 1987 1022 2066 49;
1049 1986 1190 2068 vulgaris
1214 1987 1311 2052 decli·

183 2086 325 2153 nationis
353 2085 453 2150 ratio:
492 2078 604 2166 άρνεις
632 2082 669 2148 11.
696 2085 750 2164 18,
781 2091 875 2166 τρεῖς
902 2079 939 2144 11.
964 2086 1021 2164 76,
1054 2081 1193 2148 futurum
1227 2105 1310 2150 com-

184 2202 295 2248 mune:
332 2180 513 2256 καταάσεις
530 2182 573 2254 ,11.
598 2182 648 2261 97,
678 2178 822 2265 παρέξει
843 2179 880 2244 11.
905 2184 955 2260 75,
984 2174 1174 2267 ὖπαολησει
1196 2182 1235 2248 11.
1259 2187 1309 2265 78,

185 2288 220 2344 ut
242 2285 269 2341 θ
290 2298 348 2362 pro
371 2300 391 2341 σ
415 2278 444 2360 (ᾗ
466 2282 516 2354 14)
540 2284 572 2341 61
594 2276 757 2357 digamma
779 2278 961 2358 neglectum
983 2278 1176 2347 omittamus.
1221 2281 1310 2347 Haec
1412 2345 1415 2351 .

184 2376 293 2442 omnia
327 2381 412 2441 recte
446 2373 566 2438 tradita
596 2393 661 2438 non
689 2373 785 2438 facile
818 2374 984 2454 quiequam
1014 2376 1201 2458 crediderit,
1235 2378 1311 2458 quia

184 2493 316 2558 prorsus
337 2480 387 2538 est
408 2470 611 2550 incredibile,
642 2470 830 2536 Alcmanica
852 2471 1031 2552 fragmenta
1059 2474 1310 2556 corruptelarum

186 2571 331 2655 expertia
366 2569 533 2634 mansisse.
578 2568 683 2648 Atque
715 2568 879 2638 nonnullis
915 2568 993 2632 locis
1030 2569 1148 2635 menda
1183 2569 1310 2635 facilem

186 2669 308 2734 habent
347 2666 563 2748 cognitionem
595 2665 685 2730 libris
718 2665 802 2731 inter
834 2664 1062 2731 reconditiores
1095 2673 1129 2732 et
1161 2667 1311 2750 vulgaros

185 2767 304 2833 formas
319 2763 545 2830 fluctuantibus
560 2763 613 2826 vel
628 2768 729 2826 metro
744 2761 950 2828 adversante.
982 2759 1104 2843 ’έχοοσα
1119 2784 1177 2849 pro
1193 2763 1311 2844 έχοισα

186 2864 223 2930 11.
247 2867 304 2943 34,
334 2857 518 2948 οὖρανίαφι
538 2861 603 2944 'pro
633 2855 804 2944 cipartcrpt
833 2858 871 2924 11.
896 2863 950 2941 59,
980 2856 1100 2925 σάλεσι
1121 2860 1158 2925 11.
1186 2864 1222 2926 13
1252 2882 1310 2944 pro

187 2960 339 3039 σάλεσσι,
361 2957 463 3035 τόσος
480 2957 591 3034 (schol.
608 2957 700 3022 Hom.
716 2958 768 3032 Il.)
791 2977 848 3040 pro
863 2954 988 3034 τόσσος
1003 2978 1078 3041 pap.
1096 2961 1125 3022 2.
1141 2962 1192 3038 31,
1216 2959 1310 3044 παρὰ

186 3080 244 3143 pro
267 3057 336 3142 πὰρ
358 3056 397 3123 11.
420 3059 471 3137 46,
499 3049 539 3119 ἂν
562 3077 621 3140 pro
642 3053 704 3120 κάν
726 3054 763 3120 tr.
788 3057 828 3118 42
850 3052 926 3119 alia.
970 3053 1089 3122 Contra
1110 3057 1177 3121 alia
1198 3063 1310 3140 metro,

186 3156 362 3222 certissimo
385 3153 475 3234 duce,
498 3155 689 3236 probantur:
712 3155 915 3235 τέτρατον
931 3151 968 3218 11.
984 3157 1035 3236 76,
1058 3154 1182 3220 τόσαι
1205 3155 1241 3220 11.
1259 3159 1310 3239 74,

188 3249 391 3318 εὕδουσιν
414 3250 451 3316 11.
475 3254 526 3315 60.
553 3256 586 3331 1,
617 3246 794 3334 Εὐτείχη
819 3269 894 3333 pap.
920 3254 946 3314 1.
971 3254 1005 3331 6,
1037 3251 1211 3338 ποδιέκη
1236 3275 1311 3338 pap.

190 3356 216 3416 1.
242 3352 270 3430 3,
295 3343 436 3432 ὄρνεις
458 3346 495 3411 11.
522 3349 572 3412 18.
610 3346 701 3426 Quae
722 3367 781 3412 nos
803 3355 1023 3430 praemonent,
1046 3368 1088 3413 no
1110 3350 1205 3415 nimis
1227 3352 1313 3416 festi·

187 3453 302 3513 nanter
331 3445 372 3510 dc
401 3445 461 3510 hac
484 3464 519 3509 16
543 3443 741 3526 judicemus,
771 3443 829 3510 sed
859 3443 1029 3526 diligenter
1056 3447 1165 3510 omnia
1192 3448 1312 3521 exami-

187 3564 309 3611 nemus.
340 3542 414 3607 Non
436 3561 586 3624 magnam
601 3542 773 3607 utilitatem
788 3541 830 3606 ad
854 3543 938 3607 bano
954 3544 1175 3632 quaestionem
1196 3545 1313 3614 afferre

187 3648 294 3728 potest
314 3644 487 3706 metrorum
509 3639 607 3724 ratio;
636 3660 712 3705 nam
734 3660 926 3723 quamquam
950 3639 1017 3706 fieri
1040 3642 1159 3725 potuit,
1183 3650 1217 3708 ut
1239 3645 1311 3710 Alo·

188 3729 264 3806 man
285 3739 319 3803 in
341 3737 536 3804 carminibus
558 3739 624 3803 suis
639 3759 704 3802 non
720 3737 856 3804 eandem
872 3758 999 3821 semper
1014 3738 1143 3804 dialecti
1158 3741 1312 3808 miscendi

187 3840 344 3904 rationem
366 3841 553 3917 sequeretur
575 3833 856 3917 (quemadmodum
875 3835 1048 3900 Pindarum
1069 3836 1112 3901 ad
1135 3839 1311 3905 carminum

187 3936 336 4001 modulos
346 3933 517 3999 dialectum
530 3940 727 4015 temperasse
740 3933 903 3998 Hermann
916 3940 948 3998 et
960 3933 1091 3999 Boeckh
1102 3932 1312 4018 judicarunt),

188 4038 297 4098 tamen
325 4032 447 4098 leviora
469 4037 555 4097 certe
576 4030 703 4096 luerunt
724 4031 804 4095 baec
827 4030 1024 4113 discrimina,
1055 4051 1151 4113 quam
1173 4053 1256 4116 qnae
1278 4036 1313 4099 in
