3226 4948
281 445 344 509 370
581 443 583 452 ‘
794 444 887 514 Spicss

282 621 426 709 pleniore
441 621 596 686 instructu
611 623 685 684 suut
700 611 960 682 ἀλκυόνεσσι
975 613 1012 681 ιι.
1030 617 1080 694 26,
1098 613 1411 696 δαιτυμόνεσσι

166 819 171 835 ·“
280 720 318 786 fr·
342 722 406 882 2br
428 813 585 880 infinitivo
615 811 795 897 praesentis
824 830 864 877 ea
885 810 968 876 ratio
998 809 1087 875 valet
1114 809 1200 892 apud
1224 810 1411 894 Dorienses,

283 925 318 982 ut
340 911 522 981 terminatio
545 934 624 991 -μεν
647 910 688 975 sit
709 909 878 975 verborum
900 908 934 973 in
950 932 1016 989 -μι,
1038 930 1091 972 -εν
1114 908 1283 974 verborum
1304 908 1339 973 in
1354 933 1410 974 -ua

283 1013 415 1096 Legitur
437 1004 459 1095 ἤ
466 1031 542 1090 μεν
566 1025 640 1091 pap.
664 1009 693 1072 2.
720 1011 767 1088 11,
791 1025 874 1089 quae
896 1006 999 1072 ferma
1021 1005 1117 1072 etiam
1139 1006 1174 1071 in
1196 1007 1289 1072 titulo
1311 1007 1412 1072 Laco·

284 1111 356 1177 nico
370 1108 407 1173 in
421 1098 579 1172 hlonatsh.
597 1105 628 1169 d.
644 1104 728 1170 Berl.
744 1102 845 1170 Acad.
872 1105 929 1169 187
933 1108 952 1167 0
976 1102 1062 1169 edite
1085 1103 1289 1186 conspicitur.
1333 1106 1412 1170 Ter-

224 1276 226 1280 g
285 1205 419 1274 minatio
442 1215 556 1286 -μεναι
587 1202 620 1266 in
649 1203 737 1284 puris
760 1200 889 1268 Doridis
918 1200 1058 1266 lentibus
1085 1222 1149 1266 non
1173 1201 1322 1284 occurrit3
1352 1202 1411 1268 ita·

287 1325 348 1388 que
377 1303 500 1387 epicum
530 1299 713 1366 habendum
742 1306 804 1381 est,
839 1297 924 1382 quod
952 1297 1040 1382 apud
1067 1299 1256 1366 Alcmanem
1287 1300 1324 1369 ιι.
1351 1304 1413 1364 teu

286 1407 388 1480 extat,
413 1399 599 1481 ἐ’δμεναι.
623 1434 664 1443 -
687 1397 920 1479 Frequentatur
936 1397 1051 1462 tertiae
1071 1416 1230 1480 personae
1248 1396 1329 1479 sing.
1345 1403 1413 1480 opt.

285 1520 352 1566 aer.
368 1497 461 1581 primi
483 1497 610 1562 brevior
630 1495 733 1560 ferma
748 1495 782 1560 in
803 1518 857 1559 -αι
878 1493 913 1557 iu
935 1492 1076 1560 fontibus
1093 1495 1233 1560 Derieis:
1255 1493 1411 1579 ποιήσαι,

287 1594 505 1677 ἀποστείλας
520 1594 708 1678 pleniorem,
722 1612 804 1674 quae
817 1591 949 1656 Aeolica
959 1598 1099 1674 vocatur,
1111 1591 1145 1658 in
1157 1591 1337 1675 Lysistrata
1352 1594 1409 1656 171

287 1694 424 1776 legimus
446 1694 608 1756 πείσειεν.
653 1689 748 1772 Apud
770 1689 975 1755 Alcmanem:
1000 1687 1200 1755 σιάσειεν
1224 1710 1297 1772 pap.
1315 1692 1343 1754 2.
1363 1692 1412 1754 12.

366 1790 469 1855 Voces
484 1788 650 1853 anomalae
662 1786 749 1871 apud
765 1792 906 1852 nostrum
923 1793 1051 1868 poetam
1067 1787 1127 1852 has
1142 1787 1284 1851 iuvenis:
1302 1783 1412 1869 ὅρνις

284 1891 322 1955 ιι.
345 1891 403 1970 26,
433 1883 577 1969 όρνεις
600 1883 637 1948 ιι.
663 1889 718 1966 18,
750 1881 929 1968 ὀρνίχων
953 1884 989 1948 ιι.
1014 1887 1064 1948 67.
1107 1886 1155 1950 Do
1179 1883 1296 1950 Dorica
1318 1885 1414 1967 hujus

222 2066 225 2074 Ι
267 1987 375 2052 uocis
398 1982 613 2050 declinatione
635 1982 790 2061 conferas,
814 2001 896 2064 quae
911 1983 1097 2047 Athenaeus
1118 1982 1166 2046 IX
1185 1982 1276 2048 374d
1298 1981 1411 2046 tradit:

290 2083 323 2148 αἱ
345 2089 490 2166 Δωριεῖς
512 2077 666 2161 λέγοντες
696 2075 790 2164 ’όρνιξ
816 2077 877 2164 τὴν
906 2077 1041 2164 γενικὴν
1066 2077 1122 2144 διὰ
1144 2085 1204 2144 τοῦ
1223 2104 1244 2161 χ
1267 2077 1413 2162 λέγουσι.

285 2173 434 2259 Ἀλκμὰν
466 2174 502 2256 δὲ
534 2173 591 2239 διὰ
613 2182 672 2240 τσῦ
697 2197 717 2240 σ
739 2175 799 2261 τὴν
823 2172 961 2242 εὐθεῖαν
990 2173 1147 2262 ἐκφέρει·
1178 2171 1414 2260 ἁλιπόρφυρος

290 2274 405 2361 εἴαρος
435 2268 538 2356 όρνις.
583 2273 729 2338 Dubitari
759 2279 879 2356 petest,
909 2295 984 2339 num
1008 2269 1101 2357 όρνις
1123 2275 1326 2350 abacenica
1347 2274 1414 2341 dia-

288 2375 371 2440 lecto
395 2369 645 2454 abjudicandum
668 2371 724 2453 ιιι,
747 2371 852 2436 ιιιιιιιιε
874 2371 1015 2437 dubitari
1037 2371 1142 2454 possit·
1162 2369 1202 2436 dc
1223 2393 1306 2437 nom.
1331 2373 1414 2455 plur.

289 2467 410 2556 όρνεις.
443 2503 484 2516 -
519 2466 639 2553 δουρὶ
661 2469 698 2533 ιι.
722 2471 780 2551 68,
809 2467 991 2552 γούνατα
1014 2470 1050 2534 ιι.
1074 2473 1130 2552 30,
1160 2469 1245 2552 quod
1266 2468 1415 2535 nonnulli

290 2567 490 2634 Callimacho
512 2566 688 2645 vindicant,
711 2571 840 2650 propter
862 2564 1095 2649 diphthongum
1110 2566 1323 2633 adulterinam
1348 2567 1415 2648 qui·

290 2664 363 2731 dem
386 2664 420 2729 in
442 2664 635 2734 severiorem
659 2662 811 2729 Doridem
833 2670 982 2746 peccant,
1012 2663 1070 2730 sed
1092 2665 1196 2748 ipsam
1218 2683 1331 2730 vocum
1354 2666 1415 2729 fer·

289 2762 463 2828 mationem
497 2760 653 2845 exemplis
686 2759 907 2827 deficientibus
938 2781 959 2826 a
987 2762 1147 2829 Laconica
1180 2762 1317 2828 dialecto
1349 2782 1415 2828 uon
1443 2833 1452 2844 ,

290 2879 460 2944 possumus
482 2858 678 2942 abjudicare.
1429 2940 1431 2944 ,

378 2956 475 3022 Verbi
490 2955 683 3021 substantivi
698 2954 757 3020 has
773 2955 873 3020 habes
891 2955 1025 3022 formas:
1048 2956 1220 3022 secundam
1242 2974 1413 3036 personam

291 3053 373 3135 sing.
389 3072 494 3136 praes.
510 3052 642 3134 requirit
658 3053 765 3132 Bergk
779 3051 817 3115 ιι.
830 3055 888 3116 25:
913 3048 973 3118 οὐκ
996 3047 1035 3118 εἶ
1041 3076 1058 3129 ς
1080 3049 1174 3136 ἀνὴρ,
1197 3071 1267 3116 cum
1282 3051 1414 3116 Schnei·
1476 3056 1481 3072 ¹

291 3149 399 3215 dewin
421 3148 462 3214 ab
478 3149 636 3214 Ahrcnsio
659 3147 809 3244 laudatus
831 3151 958 3216 tertiam
981 3151 1061 3232 sing.
1085 3157 1184 3234 praet
1202 3139 1224 3236 ἦ
1231 3173 1248 3226 ς
1271 3149 1416 3232 intellegi

290 3246 386 3313 volit:
423 3245 493 3312 cod.
517 3244 688 3330 Chrysippi
713 3245 768 3331 ῆς,
798 3247 909 3330 Steph.
931 3249 1008 3332 Byz.
1034 3243 1110 3324 εἶς..
1138 3248 1288 3314 Doricum
1318 3246 1417 3314 fuisse

290 3343 419 3409 videtur
446 3341 524 3410 ἐσσι
553 3344 640 3420 (Αιιι.
672 3342 702 3408 d.
732 3344 762 3409 d.
788 3345 830 3409 D.
854 3349 943 3426 318),
976 3339 1026 3422 εἷς
1056 3365 1098 3412 ue
1126 3346 1213 3429 apud
1243 3345 1416 3410 Homerum

291 3440 419 3524 quidem
443 3446 561 3508 certum
586 3445 643 3506 est
667 3477 707 3487 -
731 3442 781 3507 De
803 3442 919 3525 3siug.
935 3448 1036 3527 praet.
1053 3432 1099 3528 ἧς
1120 3442 1207 3526 apud
1229 3444 1415 3509 Alcmanem

292 3545 424 3605 extante
445 3544 581 3605 testatur
604 3538 791 3604 hlus‘tathius
814 3538 851 3604 fr.
877 3542 947 3622 138,
977 3540 1094 3621 legitur
1125 3529 1416 3624 praeterendum

290 3635 328 3700 ιι.
346 3639 396 3700 72.
431 3635 613 3702 Infinitivus
636 3630 739 3721 ἤμει
762 3655 836 3719 pap.
853 3639 882 3703 2.
901 3641 949 3718 11,
973 3637 1175 3721 participium
1198 3634 1417 3724 παρέντων

291 3732 342 3809 (cf.
367 3731 468 3812 ἕννες,
492 3731 631 3798 dracoue
652 3733 718 3798 tab.
734 3733 873 3808 Heracl.)
895 3734 932 3799 ιι.
950 3737 990 3798 64
1008 3732 1078 3816 jam
1093 3753 1192 3815 supra
1214 3734 1313 3800 allata
1334 3739 1418 3800 sunt

377 3831 576 3896 Terminatio
599 3855 671 3918 -φι,
700 3830 735 3895 in
757 3829 851 3913 cpica
878 3830 991 3913 lingua
1011 3830 1223 3915 frequentata,
1252 3851 1318 3896 non
1346 3849 1419 3896 con·

292 3926 423 4009 spiritur
444 3928 478 3992 in
500 3928 638 3993 Doricae
660 3926 788 3994 dialecti
811 3927 961 3995 lonhhus.
1005 3928 1100 4013 Apud
1123 3936 1265 3996 nostrum
1288 3933 1417 4010 poetam

291 4042 363 4089 cam
386 4025 561 4107 reperimus
577 4017 791 4112 electrices
807 4025 844 4090 ιι.
861 4028 901 4091 59
925 4032 957 4092 et
971 4027 1057 4110 quod
1080 4027 1219 4094 maxime
1241 4031 1419 4090 memoratu
