3194 4936
261 437 303 498 64
759 441 890 497 Baunaek

262 605 336 676 too-¹
349 614 480 698 stirpem
503 635 618 677 roomo-
637 615 742 681 inesse
765 621 921 698 putemus.
956 612 1024 678 Neo
1038 611 1143 676 minus
1164 611 1222 677 illa
1244 613 1384 679 cernitur

153 770 156 776 ,
262 710 295 774 in
311 711 416 794 priore
431 720 521 797 parte
536 711 781 795 compositorum
795 710 1006 794 mama-rotjd,
1022 707 1245 784 roomo-lomet,
1267 730 1384 773 momo-

261 807 373 892 rum--
915 883 916 888 Ν

347 905 433 986 quio
454 907 495 974 sit
517 908 577 973 hoo
598 925 723 978 mamm,
754 907 815 972 viri
838 905 938 986 doeti,
969 905 1023 988 qui
1052 904 1094 972 de
1121 925 1162 972 ea
1189 905 1289 989 stirpe
1309 906 1383 973 sori-

262 1012 405 1088 pserunt,
433 1004 517 1070 iuter
538 1025 573 1071 se
595 1006 806 1072 consentiunt.
849 1005 969 1070 Putant
991 1003 1076 1069 enim
1098 1023 1293 1070 ommaesse
1315 1023 1384 1087 per·-

263 1101 385 1168 soualis
417 1103 612 1185 pronominis
644 1103 828 1187 genetivum
861 1100 1042 1184 singularis.
1093 1101 1144 1166 Ita
1176 1101 1319 1185 Boppius
1350 1100 1384 1166 in

263 1201 472 1282 grammatioa
494 1199 603 1266 oritioa
632 1221 664 1283 p.
690 1203 749 1266 189
773 1200 833 1265 ait:
869 1199 958 1277 ,Ans
981 1196 1045 1264 den
1068 1198 1247 1264 Genetiven
1273 1198 1383 1270 roomo,

262 1296 334 1359 tdoo
357 1297 564 1380 eutspringen
586 1296 738 1374 mdmdlro,
762 1295 874 1359 tdodlro
896 1296 954 1361 mit
975 1295 1096 1382 Vpddhi
1120 1295 1187 1362 und
1208 1295 1312 1362 Suifix
1333 1294 1383 1367 Iro,

265 1395 338 1460 fem.
354 1393 418 1456 los
447 1395 515 1461 Nee
530 1393 752 1461 contradicunt
773 1393 999 1486 petropolitani
1017 1393 1111 1459 lexioi
1126 1392 1266 1461 editores
1281 1413 1386 1477 neque

264 1492 510 1559 (drassmannus.
533 1492 575 1557 Hi
586 1494 671 1558 onim
682 1489 1014 1563 oumtdodlra-atdoa
1026 1491 1176 1574 genetivo
1187 1491 1386 1575 pronominis

264 1599 346 1652 loom
362 1589 429 1669 (oir.
446 1588 539 1656 lexio.
555 1609 582 1656 s.
596 1611 626 1657 v.
642 1589 781 1665 talvolta-l
796 1588 953 1671 derivant,
976 1589 1061 1656 idem
1077 1587 1119 1654 de
1132 1588 1291 1651 admoto
1314 1609 1385 1657 oen·

264 1705 335 1753 sere
356 1686 514 1753 videntur.
549 1687 600 1752 Ad
622 1689 806 1770 genetivum
826 1691 934 1751 autem
948 1685 1010 1752 isto
1030 1685 1125 1751 modo
1147 1687 1181 1750 in
1203 1687 1386 1752 nominibus

265 1783 416 1852 derivatis
432 1790 619 1868 usurpatum
635 1785 793 1866 quomodo
807 1783 841 1848 in
863 1783 938 1864 illis,
961 1803 1040 1866 quas
1057 1784 1232 1866 attulimus,
1255 1785 1386 1850 vooibus

264 1883 429 1942 merod-to·
444 1887 476 1946 et
496 1880 681 1943 moad-too·
703 1887 798 1963 atque
819 1879 854 1944 iu
876 1880 1059 1964 compositis
1081 1887 1186 1965 potest
1208 1881 1385 1964 explicari?

265 1975 345 2040 Cum
367 1977 435 2042 eius
456 1977 583 2060 generis
605 1976 726 2042 formae
748 1976 863 2058 desint,
889 1977 966 2041 mihi
987 1977 1067 2042 nihil
1089 1978 1292 2044 verisimilius
1315 1997 1385 2045 esse

265 2072 391 2139 videtur
413 2093 508 2156 quam
538 2094 654 2136 momo—
682 2074 844 2155 quondam
867 2075 998 2158 stirpem
1019 2075 1243 2158 simpliciorem
1273 2095 1386 2159 prouo-

266 2169 360 2236 miuis
382 2171 555 2255 possessivi
577 2170 690 2252 fuisso,
719 2190 801 2253 quae
824 2171 1019 2237 exolesoeret
1041 2177 1073 2238 et
1093 2172 1167 2238 aliis
1189 2172 1298 2238 formis
1318 2173 1386 2256 ple-

266 2267 406 2335 nioribus
428 2289 525 2353 supra
547 2267 654 2334 allatis
675 2275 945 2350 oompensaretur.

351 2369 382 2444 3)
415 2366 607 2432 Genetivum
629 2370 735 2430 autem
758 2386 873 2440 mama,
897 2376 990 2447 qbem
1013 2363 1107 2430 modo
1130 2366 1385 2446 eommemoravi,

267 2462 353 2530 illius
375 2463 483 2547 stirpis
506 2469 652 2530 neutrum
675 2481 746 2529 esse
772 2470 857 2547 puto.
902 2463 1049 2545 Namque
1070 2480 1142 2527 oum
1164 2462 1315 2529 adieetivi
1336 2463 1386 2529 vis
1497 2474 1499 2478 ’

266 2559 308 2626 ad
330 2561 471 2644 genetivi
486 2568 634 2626 naturam
648 2561 782 2643 aooedit,
805 2568 872 2626 tum
894 2561 1033 2626 maximo
1050 2559 1099 2624 vis
1121 2559 1294 2642 possessivi
1316 2581 1387 2645 pro-

265 2660 411 2726 nominis.
443 2658 568 2726 Similia
582 2669 689 2725 nutem
702 2658 936 2742 requirentibus
958 2657 1051 2723 nobis
1073 2656 1180 2722 statim
1203 2656 1386 2723 vedioarum

266 2757 437 2822 formarum
460 2755 588 2819 romola
611 2761 643 2822 et
661 2755 835 2839 yurdmdlto
850 2755 884 2820 iu
899 2760 1038 2820 mentem
1053 2753 1151 2836 venit,
1175 2772 1257 2836 quae
1279 2774 1389 2837 quam·

266 2852 592 2934 quamtautummodo
611 2851 726 2932 stirpes
737 2857 811 2916 sunt
822 2851 914 2916 nulla
925 2870 1016 2917 oasus
1027 2850 1252 2916 terminatione
1263 2858 1386 2934 auotae,

266 2953 375 3013 tamen
397 2970 455 3030 pro
476 2948 619 3014 neutrius
641 2949 769 3029 generis
789 2947 898 3013 formis
913 2952 1107 3031 usurpantur
1122 2954 1154 3014 et
1167 2948 1388 3030 genetivorum

185 3041 186 3046 ’
267 3064 390 3126 eorum,
415 3045 468 3127 qui
490 3044 719 3128 posterioribus
740 3044 938 3128 temporibus
959 3043 1089 3110 suntin
1110 3064 1186 3126 usu,
1215 3045 1388 3108 armeta-m

267 3140 327 3219 (nd.
351 3141 524 3216 elimaidem)
547 3149 579 3208 et
598 3141 817 3226 peritanella-m
841 3141 901 3220 (nd.
921 3141 1152 3226 purdmdlrom),
1180 3161 1315 3208 munera
1337 3163 1390 3209 ex·

266 3239 356 3321 plere
383 3240 499 3306 solent.
543 3239 714 3305 Praeterea
742 3259 781 3306 ea
809 3239 953 3306 oonierro
981 3240 1070 3321 lieet,
1101 3259 1183 3320 quae
1206 3237 1332 3306 Curtius
1355 3240 1388 3305 in

267 3336 347 3401 libro
370 3336 424 3419 qui
445 3335 627 3403 inscribitur
647 3337 732 3413 „Zur
754 3336 965 3420 Obrouologie
988 3336 1044 3402 der
1065 3335 1387 3419 indogermanisoben

267 3433 584 3518 Spraohiorsehung“
606 3454 637 3517 p.
661 3437 700 3496 75
724 3432 764 3499 de
786 3435 1006 3516 genetivorum
1027 3433 1061 3499 in
1084 3433 1157 3518 -rjo,
1181 3456 1254 3499 -oro
1278 3441 1311 3500 et
1331 3435 1388 3500 ad-

266 3531 453 3597 ieetivorum
475 3531 509 3595 in
531 3530 605 3615 -rja
630 3552 702 3595 -oro
726 3533 909 3598 exeuntium
931 3531 997 3609 (eir.
1015 3529 1136 3614 ὄάμοιο
1160 3537 1191 3597 et
1213 3529 1388 3614 δαμόσιος)

266 3627 457 3712 oognatione
480 3627 664 3710 disputavit.

352 3730 384 3803 4)
413 3726 457 3792 Ut
479 3724 569 3791 illam
591 3725 721 3809 stirpem
744 3745 860 3788 momo-
882 3726 1019 3809 primum
1041 3727 1074 3792 in
1097 3726 1289 3809 nominibus,
1313 3726 1387 3794 dein

267 3821 301 3886 in
323 3822 522 3905 compositis,
552 3829 624 3907 post
646 3823 747 3888 solam
776 3841 835 3906 per
855 3843 890 3890 se
912 3823 1053 3907 genetivi
1078 3822 1149 3890 looo
1172 3842 1243 3890 esse
1264 3823 1389 3890 adhibi-

268 3924 334 3984 tam
362 3918 573 4002 ostendimus,
606 3920 652 3986 ita
680 3926 838 4005 postremo
867 3921 963 3988 etiam
992 3922 1061 3988 eius
1089 3941 1198 3987 oasum
1228 3920 1388 4003 quendam

269 4023 395 4084 exstare
419 4017 503 4083 iuter
525 4037 635 4085 omnes
657 4024 791 4084 ooustat.
835 4018 995 4085 Ablativis
1024 4019 1108 4086 enim
1138 4028 1251 4091 armat,
1279 4027 1387 4102 ponor,
