3208 4928
507 473 550 528 De
566 471 705 528 Momanis
722 477 820 543 poetae
837 471 960 526 dialecto.
1237 465 1298 527 335
1345 471 1348 477 '

187 763 194 774 ,
241 720 261 799 ξ
284 719 312 782 2.
358 716 415 780 De
436 713 649 816 Aloumanis
667 701 808 800 ¹patria
829 721 869 779 et
890 712 1028 796 poesis
1048 711 1241 798 genereh.

262 853 369 918 Pauea
391 853 481 932 sunt,
512 869 599 932 quae
616 849 719 919 nohis
732 849 773 915 de
796 848 952 914 Alemane
973 847 1151 931 traduntur,
1182 849 1299 914 haeae·

144 1019 151 1030 ,
175 971 289 1018 narum
312 949 471 1031 virginum
493 946 662 1013 laudatore
683 952 715 1013 et
731 945 820 1012 duee.
854 945 905 1011 Ad
920 951 1063 1012 nostram
1079 946 1298 1029 quaestionem

177 1049 287 1132 magni
310 1054 359 1113 est
379 1045 548 1126 momenti,
578 1044 663 1127 quod
686 1043 821 1124 Sardes,
847 1063 912 1109 non
936 1044 1084 1127 Spartam
1107 1052 1223 1128 poetae
1244 1063 1301 1127 pa-

177 1148 271 1213 triam
299 1145 412 1224 fuisse,
442 1162 507 1208 non
529 1141 658 1225 quidem
688 1149 880 1221 constanter,
910 1141 967 1208 sed
996 1143 1074 1208 satis
1096 1143 1190 1208 oertls
1213 1140 1300 1206 testi·

178 1243 293 1310 moniis
316 1241 476 1324 proditum
500 1247 559 1322 est,
582 1239 666 1323 quod
681 1240 752 1323 ipse
767 1238 943 1320 oonfirmat,
965 1238 1251 1312 oumoonfidenter
1265 1257 1300 1304 se

178 1343 283 1425 ipsum
313 1340 495 1421 alloquatur
523 1339 559 1403 ir.
583 1341 624 1404 25
654 1333 714 1403 οὐκ
746 1330 795 1414 εἷς
825 1332 910 1422 ἀνὴρ
939 1332 1099 1421 ἄγροικος
1216 1333 1300 1400 ἀλλὰ

146 1469 151 1474 -
179 1437 332 1524 Σαρδίων
355 1431 418 1500 ἀπ’
444 1430 560 1519 ἀκρᾶν.
597 1435 710 1518 Itaque
732 1455 796 1500 non
819 1441 883 1516 est,
906 1453 961 1499 our
982 1435 1016 1500 in
1039 1435 1225 1518 fragmentis
1245 1453 1302 1502 no·

179 1536 252 1603 stris
280 1542 312 1602 et
333 1535 417 1602 inter
439 1540 583 1600 veterum
604 1533 804 1616 testimonia,
834 1552 917 1617 quae
940 1531 981 1598 de
1002 1533 1158 1598 Alemane
1180 1538 1301 1611 extant,

179 1653 386 1718 quaeramus,
415 1651 499 1714 quae
528 1631 666 1716 Lydiam
695 1631 884 1716 respioiant3
917 1650 1014 1695 unam
1047 1629 1301 1712 interjectionem

179 1730 261 1815 βάλε
286 1730 326 1818 δὴ
350 1727 433 1814 βάλε
456 1729 633 1814 proferam,
661 1729 737 1812 quia
758 1728 799 1794 ad
823 1729 993 1794 dialectum
1016 1734 1132 1811 poetae
1153 1730 1301 1810 pertinet,

180 1849 262 1913 quae
284 1830 321 1893 lr.
338 1831 388 1906 26,
406 1831 424 1890 2
447 1827 534 1910 apud
557 1828 744 1893 Alemanem
767 1827 884 1910 legitur
906 1833 937 1892 et
959 1846 1029 1890 oum
1053 1832 1179 1892 veteres
1200 1843 1303 1908 gram-

179 1926 288 1993 matioi
310 1945 383 1992 eam
406 1925 576 1990 barbaram
600 1931 716 1990 vocent
737 1931 770 1990 et
791 1924 974 1990 Semitioam
998 1942 1069 1990 esse
1091 1925 1203 2006 Lange
1219 1923 1302 1987 Abh.

181 2025 213 2090 d.
235 2025 275 2090 K.
299 2023 332 2089 S.
356 2022 430 2088 Ges.
461 2020 491 2086 d.
515 2021 709 2088 Wissensoh.
741 2022 786 2086 Vl
814 2026 875 2088 330
904 2024 1092 2107 suspicetur,
1121 2009 1303 2086 fortassee

181 2130 278 2210 poeta
301 2126 409 2186 nostro
433 2139 481 2184 eu¹
497 2120 574 2185 Asia
597 2119 742 2185 traduota
765 2127 822 2186 est.
860 2119 940 2186 Cum
962 2112 1057 2204 igitur·
1079 2121 1157 2186 satis
1180 2125 1304 2184 oonstet

181 2218 338 2285 Sardibus
353 2218 541 2283 Alemanem
557 2237 628 2284 esse
649 2226 770 2298 natum,
794 2219 928 2285 domasse
946 2219 1064 2302 jamin
1081 2219 1158 2284 Asia
1175 2215 1303 2281 Homeri

182 2315 325 2380 earmina
352 2320 386 2378 et
414 2315 608 2396 cognoverat
636 2321 668 2378 et
695 2315 813 2379 imitari
840 2323 998 2399 coeperat.
1044 2315 1302 2397 Diligens‘enim

182 2411 322 2492 Homeri,
340 2410 480 2475 omnium
492 2419 658 2494 poetarum
674 2412 828 2494 magistri,
844 2413 982 2477 studium
999 2412 1085 2496 apud
1101 2432 1172 2477 eum
1188 2431 1303 2493 eogno-

183 2509 289 2588 soitur,
313 2507 363 2572 oui
385 2507 457 2591 plus
480 2507 615 2589 debeth,
638 2527 734 2590 quam
756 2508 841 2575 ullus
863 2509 945 2575 alius
968 2515 1064 2592 poeta
1086 2516 1213 2591 praeter
1235 2509 1303 2574 Ste-
1392 2566 1393 2569 ,

184 2606 343 2672 siohorum
366 2604 403 2669 ol.
427 2604 536 2688 Bergk
559 2604 750 2689 Literaturg.
767 2609 838 2671 881.
872 2607 937 2673 Sed
952 2606 1118 2672 Alemanis
1141 2605 1303 2688 ingenium

183 2693 354 2769 aihhlimi
377 2701 484 2784 poesis
507 2721 627 2782 genere
649 2722 777 2785 prorsus
800 2710 850 2769 est
871 2701 1028 2788 alienum}
1052 2705 1159 2787 itaque
1176 2722 1304 2768 versum

183 2799 344 2867 heroioum
373 2799 514 2880 fastidit,
545 2799 702 2882 namqui
730 2800 817 2884 apud
840 2821 912 2867 eum
940 2804 1088 2885 leguntur·
1116 2803 1304 2884 hexametri,

184 2918 239 2964 eos
260 2897 398 2983 eyolioos
420 2905 492 2963 esse
514 2900 546 2964 et
568 2897 722 2980 yelooitas
744 2898 886 2983 rhythmi
908 2906 940 2965 et
965 2919 1117 2965 caesurae
1140 2899 1305 2964 buoolioae

184 2996 310 3062 dooent.
355 2996 454 3060 Amor·
483 2995 518 3084 ei·
541 2995 661 3062 arridet
689 2995 911 3080 virginumque
940 2997 1209 3081 pulohritudinem
1232 3015 1305 3061 oan-

183 3101 252 3161 tare
279 3113 342 3159 non
365 3092 526 3176 desinit⁷l,
556 3101 588 3159 et
610 3101 698 3161 extat
725 3094 812 3179 apud
834 3095 1037 3161 Athenaeum
1058 3095 1142 3160 Xlll
1164 3098 1226 3161 600
1247 3096 1305 3161 Ar·

184 3192 300 3275 ohytae
328 3192 444 3257 Milesii
469 3191 625 3274 judicium
645 3188 817 3274 Ἀλκμᾶνα
844 3197 1017 3277 γεγονέναι
1045 3199 1111 3257 τῶν
1134 3191 1305 3276 ἐρωτικῶν

184 3288 293 3370 μελῶν
322 3283 479 3371 ἡγεμόνα.
524 3289 593 3353 Hae
615 3308 650 3355 re
672 3309 692 3354 a
714 3289 895 3355 Stesiohoro
921 3292 1073 3374 aliisque,
1104 3291 1157 3373 qui
1180 3291 1306 3356 ohorica

184 3385 327 3451 earmina
353 3384 579 3469 condiderunt,
608 3392 717 3452 noster
745 3395 842 3470 poeta
864 3386 969 3453 differt
997 3394 1028 3453 et
1049 3387 1092 3452 ad
1117 3387 1304 3452 Lesbiorum

255 3587 275 3651 ι5)
295 3585 334 3640 Of.
353 3585 512 3656 Bernhardy
529 3586 757 3655 Literaturgesoh.
776 3586 804 3641 II
824 3594 846 3655 1,
865 3594 929 3654 too,
954 3585 1058 3642 Teuffel
1075 3587 1104 3640 in
1121 3585 1208 3657 Pauly
1224 3585 1305 3642 Real-

163 3728 165 3732 .
186 3667 324 3738 enoyelop.
343 3681 365 3720 s.
383 3683 408 3720 v.
427 3665 548 3722 Alcman.

255 3747 276 3812 6)
299 3745 388 3800 Multa
406 3753 565 3816 argumenta
582 3762 615 3802 ex
633 3747 718 3818 epicis
736 3749 898 3806 carminibus
919 3749 1006 3819 petita
1027 3748 1127 3804 eisdem
1144 3749 1201 3803 tere
1218 3748 1306 3804 verbis

186 3826 273 3882 reddit
290 3827 325 3888 ci,
344 3825 377 3880 fr.
396 3831 437 3882 29.
456 3832 498 3882 40.
518 3833 559 3882 41.
1017 3889 1021 3894 ,

255 3909 276 3975 7)
302 3906 441 3977 Quomodo
459 3907 495 3964 ad
517 3908 569 3964 hoe
587 3914 772 3977 argumentum
796 3925 882 3980 usque
899 3914 1057 3976 revertatur,
1083 3910 1161 3966 docet
1177 3925 1305 3980 papyrus,

186 3988 215 4043 in
237 4004 290 4058 quo
315 3994 459 4060 postquam
482 3988 578 4044 heroes
603 3987 722 4044 breviter
739 3991 896 4057 celebravit,
925 3991 1133 4047 subitoinoidit
1156 3991 1305 4052 orationem
1346 4019 1355 4024 -

187 4068 288 4129 verbis:
313 4067 384 4138 ἒγών
403 4065 431 4122 δ’
452 4065 535 4123 ἀείδω
551 4065 667 4140 :spatae
683 4070 714 4122 τὸ
735 4075 797 4141 φῶς
814 4072 850 4138 (ΙΙ
868 4077 882 4127 5
901 4072 999 4139 Blass).
