3226 4948
318 405 384 518 ccc
581 414 585 422 i
746 512 751 521 ,
831 455 923 526 Spiess

317 626 689 714 conjecturavindicato,
711 628 761 692 cui
784 630 951 712 supposuit
965 629 1067 696 editor
1089 632 1282 698 severiorem
1297 631 1459 697 formam.

317 724 439 804 αὐτοὺς
461 745 538 822 vero
559 726 596 790 ιι.
619 731 677 792 100
699 746 764 792 non
786 727 951 794 Alcmanis
974 727 1032 794 scd
1054 725 1214 794 Athenaei
1236 749 1308 796 osse
1329 730 1458 796 merito

317 825 497 910 suspicatur
519 824 637 906 Bergk.
661 860 702 870 -
725 823 889 908 Participii
911 845 1016 908 praes.
1033 833 1064 891 et
1079 846 1145 892 aor.
1161 845 1224 892 sec.
1240 835 1301 893 act
1324 827 1457 894 formas

316 923 488 991 femininus
511 929 699 1006 poeranon-
710 923 879 1000 Laconica,
902 922 960 988 sed
983 931 1167 990 constanter
1181 925 1316 992 Aeolica
1336 926 1457 991 termi-

317 1021 448 1087 natione
469 1041 567 1084 -οισα
588 1019 754 1085 instruxit:
777 1025 1009 1106 φεροίσαις
1032 1041 1106 1105 pap.
1126 1025 1156 1086 2.
1180 1025 1231 1104 27,
1256 1027 1454 1107 φέροισα

316 1119 353 1184 ιι.
375 1121 423 1198 18,
446 1113 595 1197 ἐ’χοισα
617 1117 654 1182 ιι.
672 1121 713 1182 34
735 1137 806 1183 cum
828 1119 919 1185 varia
939 1119 1077 1185 lectione
1096 1117 1235 1208 ἔχουσα,
1264 1121 1453 1186 λιποῖσα

316 1217 354 1282 ιι.
378 1218 429 1298 23,
453 1211 822 1297 σαλασσομέόοισ’
846 1215 883 1282 ιι.
908 1219 958 1282 84.
992 1215 1283 1303 ἐπιστέφοισα
1305 1227 1370 1284 tres
1392 1237 1454 1282 co·

319 1313 406 1380 dices
427 1311 617 1379 confirmant
631 1313 668 1379 ιι.
685 1317 736 1378 74.
767 1313 1007 1381 contractorum
1029 1315 1197 1380 verborum
1221 1318 1402 1399 exemplum
1426 1337 1453 1380 a

318 1419 415 1498 poeta
428 1411 472 1477 ad
487 1411 630 1479 Aeolidis
653 1411 881 1496 proprietatem
896 1412 1064 1478 formatum
1081 1420 1131 1479 est
1148 1411 1293 1478 ἒνθοῑσα
1316 1414 1357 1480 de
1379 1432 1450 1495 quo

316 1533 348 1595 p.
372 1513 433 1576 346
457 1509 590 1592 egimus.
616 1545 658 1556 -
683 1510 748 1576 Sed
769 1509 919 1593 repudiat
941 1510 1105 1576 Aeolicam
1127 1511 1232 1593 legem
1250 1512 1386 1576 Alcman
1407 1511 1450 1576 in

238 1597 243 1606 ’
317 1627 395 1675 voce
418 1613 517 1690 μῶσα
542 1608 578 1672 ιι.
606 1613 639 1691 1;
669 1611 705 1690 73
729 1612 786 1688 453
811 1610 868 1690 593
900 1610 956 1690 85,
988 1629 1069 1690 quae
1093 1608 1324 1676 eodemmodo
1346 1617 1450 1690 atque

183 1697 186 1704 ’
316 1707 393 1772 illae
408 1712 478 1771 orta
494 1713 543 1772 est
564 1711 594 1782 (e
608 1703 780 1789 *μάντχάι
804 1705 969 1787 -Vulgaris
990 1706 1092 1772 torma
1113 1707 1164 1774 bis
1186 1713 1291 1774 extat:
1312 1712 1448 1789 μοῦσαν

232 1833 241 1840 ·
316 1805 353 1870 ιι.
378 1809 436 1889 373
463 1807 514 1886 97,
543 1803 625 1869 illud
646 1802 888 1882 Schneidewin,
918 1803 979 1869 hoc
1001 1803 1151 1871 Welcker
1179 1804 1222 1870 ad
1250 1803 1447 1871 Laconicam

317 1902 491 1969 dialectum
513 1900 651 1982 reduxit,
675 1921 754 1983 quos
776 1907 903 1967 secutus
926 1908 974 1968 est
992 1902 1110 1985 Bergk.
1132 1938 1174 1948 -
1197 1903 1305 1968 Semel
1327 1902 1448 1983 legitur

315 2000 445 2066 illorum
474 1999 712 2082 participiorum
736 1998 801 2063 dat.
823 1999 907 2084 plur.
929 2019 1037 2082 masc,
1067 2019 1148 2083 quae
1177 2000 1278 2064 forma
1300 1999 1446 2081 vulgaris

272 2109 277 2121 ‘
318 2104 381 2163 est:
403 2100 589 2177 καμοῦσι
610 2115 685 2178 pap.
712 2101 738 2159 1.
763 2099 792 2160 2.
837 2096 910 2160 Alie
933 2091 1003 2162 loco
1026 2097 1213 2164 afferendae
1235 2104 1310 2162 sunt
1331 2097 1446 2162 verbo·

317 2213 386 2260 rum
416 2192 531 2258 tertiae
559 2211 717 2275 personae
746 2192 828 2275 plur.
857 2200 917 2258 act.
947 2194 981 2258 in
1009 2215 1105 2260 -ovoc
1131 2214 1190 2278 pro
1213 2194 1330 2260 Dorico
1352 2217 1445 2259 -οττι

239 2370 243 2378 ⁶
317 2296 482 2356 exeuntes.

403 2411 429 2451 ω
453 2406 493 2453 ex
515 2409 554 2452 οο
578 2387 731 2453 contracti
760 2387 840 2453 haec
869 2388 969 2454 habes
999 2391 1158 2472 exempla.
1204 2391 1241 2454 ln
1263 2409 1337 2472 gen.
1354 2389 1442 2476 sing.

317 2505 380 2554 soc.
403 2486 486 2552 decl.
508 2483 689 2550 terminatio
720 2507 746 2547 ω
776 2484 810 2548 in
838 2485 929 2552 libris
956 2486 1082 2569 integra
1109 2496 1244 2571 apparet
1273 2488 1307 2552 in
1338 2487 1440 2553 hisce:

316 2581 443 2668 πώρω
472 2604 548 2667 pap.
574 2587 601 2647 1.
627 2586 681 2664 10,
709 2578 865 2651 Ξάνθω
897 2603 971 2666 pap.
995 2587 1024 2649 3.
1048 2587 1104 2666 32,
1135 2582 1324 2669 εὐπύρχω
1351 2584 1387 2648 ιι.
1410 2589 1439 2668 4,

317 2679 524 2765 ἑλιχρύσω
548 2728 581 2746 ..
604 2675 771 2764 κήράτω
795 2685 983 2762 κυπαίρω
1011 2681 1049 2746 ιι.
1076 2684 1130 2764 18,
1159 2687 1212 2745 τιῦ
1237 2687 1439 2765 κσπαιρί-

318 2801 401 2846 σκω
424 2779 461 2844 ιι.
486 2781 536 2844 38.
581 2778 829 2859 Nonnumquam
851 2777 954 2844 torma
975 2777 1162 2846 insolentior
1190 2779 1225 2843 in
1255 2779 1398 2845 dativum
1419 2799 1439 2844 a

317 2877 456 2944 librariis
478 2882 601 2943 mutata
622 2881 686 2941 est:
715 2869 1027 2957 ὑπερπταμένω
1051 2876 1190 2967 [liudolf
1210 2897 1229 2955 e
1250 2877 1342 2944 codd.
1367 2878 1438 2942 BP

317 2974 477 3041 Athenaei
499 2969 745 3056 ὑπερπταμένω
768 2973 1007 3055 praebentibus,
1030 2993 1101 3038 cum
1123 2975 1178 3040 alii
1202 2976 1366 3057 vulgarem
1388 2994 1439 3057 ge

316 3071 417 3138 netivi
445 3071 582 3135 offerant
608 3069 645 3133 ιι.
667 3071 718 3134 28.
762 3068 914 3134 Weleker
942 3070 978 3135 tr.
1002 3075 1042 3136 35
1064 3073 1201 3154 conjecit
1228 3078 1277 3136 τοι
1300 3070 1437 3156 σιδάρω,

295 3187 388 3234 cum
417 3166 528 3248 Bergk
560 3164 729 3232 lectionem
763 3166 908 3232 codicum
939 3172 986 3252 τῷ
1015 3167 1143 3255 σιδάρῳ
1176 3177 1312 3236 tueatur.
1356 3171 1437 3236 Item

316 3264 355 3330 ιι.
378 3267 419 3328 74
446 3261 557 3346 Bergk
578 3282 650 3328 cum
672 3262 834 3332 codicibus
863 3263 942 3350 λίνῳ
965 3289 1001 3332 τε
1026 3264 1184 3352 σασάμω,
1214 3267 1438 3334 Schneidewin

316 3363 397 3428 λίνω
426 3386 463 3428 τε
494 3358 646 3444 σασάμω.
696 3363 734 3426 ln
765 3386 786 3426 α
814 3362 893 3428 abiit
921 3363 1002 3428 illud
1031 3387 1057 3427 ω
1085 3385 1199 3449 parum
1226 3365 1463 3456 intellectumr.

317 3456 401 3525 ἀλλὰ
423 3460 461 3525 ιι.
485 3464 525 3525 42
555 3461 688 3526 Bekker
709 3455 809 3524 άλλω.
840 3495 877 3518 -.-
908 3465 939 3524 Γ
938 3459 1049 3549 λαύκω
1079 3469 1110 3527 et
1139 3468 1186 3526 τῶ
1208 3461 1373 3540 Κνακάλω
1395 3463 1437 3529 le·

316 3565 434 3642 guntur
461 3558 494 3621 in
518 3557 710 3640 fragmentis
740 3559 758 3622 8
788 3565 820 3623 σι
842 3562 880 3622 21
906 3556 1100 3625 Alcmanicis'
1127 3573 1146 3626 e
1173 3560 1340 3626 verisimili
1367 3579 1437 3626 con-

313 3657 440 3740 jectura
461 3654 599 3721 insertis.
621 3690 663 3700 -
684 3655 818 3720 Prorsus
840 3662 1005 3739 corruptus
1032 3663 1081 3722 est
1102 3674 1229 3738 versus,
1258 3657 1292 3724 in
1313 3677 1375 3740 quo
1396 3657 1437 3722 le·

317 3755 421 3837 gimus
435 3757 495 3818 τοῦ
509 3747 706 3833 Ἱππολόχου
722 3752 758 3817 ιι.
777 3755 826 3818 88.
850 3789 891 3800 -
914 3753 1152 3820 Femininorum
1168 3753 1202 3818 in
1216 3777 1261 3817 -ω
1282 3755 1437 3838 genitivos

317 3853 351 3916 in
373 3856 608 3928 -rogexountes
624 3849 864 3932 Chperoboscus
881 3852 914 3917 in
937 3852 1029 3916 horto
1043 3850 1202 3916 Adonidis
1225 3853 1320 3918 2681)
1342 3853 1437 3918 Laco-

317 3947 412 4014 nibus
427 3947 704 4042 vindicat.„N0va
724 3947 896 4014 collatione
919 3949 1032 4034 papyri
1056 3949 1179 4014 invenit
1201 3949 1285 4015 hanc
1306 3949 1436 4016 formam

318 4046 411 4114 Blcss
433 4052 477 4129 (p.
490 4047 518 4111 2.
536 4048 568 4124 6)
589 4043 712 4122 ΑΓΙΔ,
726 4043 765 4126 C,
788 4065 859 4112 cum
881 4046 1008 4112 Ahrens
1029 4046 1160 4112 chartae
1183 4046 1332 4130 exemplo
1354 4067 1436 4130 usus,
