3216 4932
212 555 218 561 ‚
288 482 350 542 230
531 461 537 466 .
806 481 899 549 Lange

288 655 426 742 meglieh
441 657 669 731 vareussetzte)
684 653 728 720 ist
743 652 839 720 dabei
857 653 1083 738 gleiehgtiltig3
1107 651 1230 719 sowahl
1252 652 1286 715 in
1304 652 1421 736 jenem

287 757 338 822 ale
358 755 393 819 in
415 753 536 820 diesem
560 753 652 819 Falla
674 752 716 816 ist
739 751 798 818 das
820 752 911 817 Wort
932 753 1038 836 gleiah
1060 750 1244 834 vuldesig³).

305 898 308 905 -
373 852 471 917 Dieee
485 871 544 917 aus
556 849 665 915 Gieera
681 849 749 915 siah
765 848 948 932 ergebende
964 848 1215 916 bauteehniuehe
1225 846 1422 930 Bedeutung

288 951 347 1017 dee
367 949 495 1014 Wartee
517 945 598 1012 wird
620 946 818 1029 vollstundig
845 948 999 1031 bestdtigt
1022 946 1121 1012 durch
1144 945 1208 1012 den
1231 944 1418 1011 Techniker

289 1047 452 1112 Vitruvius
474 1050 505 1128 7,
529 1049 556 1127 1,
580 1048 598 1109 3
628 1044 933 1108 statuminationibus
954 1045 1088 1109 induatis
1110 1043 1232 1106 rudus
1257 1045 1287 1105 vi
1306 1063 1419 1105 navum

288 1126 367 1221 erit,
401 1143 446 1206 ad
465 1153 538 1204 tres
563 1153 676 1226 partes
704 1164 764 1206 una
795 1143 890 1207 calcu
918 1145 1101 1222 misceatur,
1135 1143 1166 1204 vi
1195 1141 1423 1204 redivivum

277 1241 404 1325 suerit,
433 1241 568 1327 quinque
596 1239 639 1303 ad
666 1240 743 1303 duas
766 1241 930 1303 martionis
951 1239 1067 1303 habant
1085 1258 1277 1324 responsum.
1322 1241 1418 1306 Denn

288 1340 370 1405 auah
400 1339 470 1405 hier
491 1337 622 1405 werden
650 1339 749 1404 vahan
780 1339 930 1404 benutzte
953 1338 1064 1404 Steine
1093 1338 1165 1414 (das
1193 1337 1237 1402 int
1265 1336 1336 1402 hier
1364 1359 1420 1400 rv-

287 1437 407 1519 dus)⁴)‚
440 1436 493 1502 die
521 1436 643 1502 wieder
670 1438 802 1503 benutnt
831 1436 962 1502 werden
991 1437 1111 1517 vollen,
1145 1453 1251 1500 neuen
1284 1435 1417 1502 Steinen

289 1541 581 1619 entgegengesetzt.
626 1535 685 1601 Bei
707 1533 819 1600 diesen
841 1539 963 1616 gendgt
984 1535 1038 1600 ein
1053 1533 1177 1615 Μόιιοί,
1200 1532 1234 1596 in
1257 1531 1330 1599 dem
1353 1535 1422 1600 ein

287 1633 384 1700 Theil
406 1634 495 1698 Kvlk
517 1633 573 1698 auf
594 1633 662 1700 drei
685 1633 800 1698 Theile
822 1631 912 1697 Sand
934 1633 1069 1715 kammt,
1095 1630 1148 1697 bei
1166 1631 1278 1714 jenem
1300 1632 1343 1696 ist
1366 1633 1419 1698 ein

287 1733 452 1799 uttrkerer
472 1731 671 1796 Kalkzuuatz
694 1728 911 1814 erforderlieh‚
934 1729 1074 1795 numlieh
1097 1728 1177 1794 zwei
1198 1728 1313 1794 Theile
1329 1729 1419 1796 Kalk

287 1830 344 1896 auf
375 1829 445 1895 mnf
473 1828 588 1894 'Pheile
618 1827 718 1893 Sana:
763 1828 892 1894 Ebensa
924 1826 1004 1892 wird
1031 1826 1110 1910 jene
1140 1825 1330 1912 Bedeutung
1363 1829 1419 1895 be-

288 1927 398 2010 ntetigt
419 1926 520 1992 durah
543 1924 651 1990 Getull
676 1929 725 2006 17,
751 1931 765 1988 1

398 2033 425 2098 0
447 2035 571 2098 catania
593 2055 673 2120 quae
696 2035 783 2118 rupis
799 2044 897 2116 ponte
919 2034 1027 2097 tudere
1048 2053 1161 2117 maana

395 2143 425 2196 et
447 2134 544 2195 salure
564 2142 713 2217 puratum
734 2130 843 2204 nabes,
867 2131 925 2194 sed
944 2133 1065 2195 vereris
1086 2133 1192 2216 inepta

395 2250 491 2294 arura
508 2229 668 2315 ponticuli
687 2229 861 2309 vantis⁵J
882 2231 994 2292 stantis
1015 2231 1047 2292 in
1069 2230 1285 2302 redivivis,

393 2349 432 2390 ne
453 2329 582 2412 supinus
603 2337 656 2390 eat
677 2348 814 2412 cavaque
835 2327 867 2389 in
887 2327 1004 2412 palude
1024 2327 1194 2394 recumbat.

287 2439 350 2506 Die
379 2439 559 2506 Bewahner
592 2439 651 2506 der
682 2437 815 2505 Galanie
848 2437 1027 2506 fdrehteten
1059 2439 1222 2521 offenbar,
1257 2439 1332 2506 dass
1366 2439 1422 2509 die

288 2537 345 2604 vui
365 2559 403 2603 zu
425 2537 618 2604 sehwaehen
640 2537 772 2604 Stdtzen
793 2535 952 2604 stehende
969 2535 1097 2602 Brueke
1120 2536 1205 2602 baim
1220 2537 1330 2604 Tvnze
1352 2538 1421 2604 ein-

288 2643 415 2704 etdrzen
445 2636 564 2701 kenne.
615 2633 692 2701 Und
721 2634 811 2701 diese
840 2634 1032 2701 schwaahen
1062 2634 1193 2700 Stttzen
1222 2657 1290 2701 nun
1304 2642 1420 2703 aeaut

287 2732 528 2818 Catull.‘inepta
552 2754 648 2810 arura
672 2733 835 2821 ponticuli·
850 2733 958 2794 annin
979 2715 1092 2794 stdntir
1113 2733 1145 2794 in
1167 2733 1332 2817 redivivis,
1362 2755 1421 2800 un·

286 2832 456 2916 geeignete
472 2831 573 2897 Baiae
589 2834 678 2897 einer
692 2830 832 2910 Brdeke,
856 2829 909 2896 die
931 2829 989 2894 aui
1009 2831 1126 2893 arulae
1141 2830 1301 2895 redivivae
1323 2833 1419 2898 steht.

287 2929 418 2992 Anulm
440 2928 517 2994 ader
540 2930 678 3004 arrectae,
703 2926 890 2992 Deminutiv
912 2947 977 2991 van
999 2929 1105 3007 anim)
1128 2928 1206 2996 oder
1229 2931 1321 3002 mare,
1345 2929 1419 2995 sind

358 3124 378 3188 ³)
401 3121 481 3178 Diedu
504 3122 652 3177 verkannte
669 3121 806 3176 Ausonius
823 3119 939 3190 Papma,
963 3121 996 3177 de
1019 3121 1178 3180 differentiis
1201 3126 1345 3180 verborum
1366 3125 1419 3192 (ed.

287 3201 505 3258 Messereuhmid.
523 3201 618 3257 Dresd.
633 3208 661 3258 et
674 3203 749 3272 Lipe.
759 3207 833 3258 1769.
849 3201 876 3256 S.
886 3204 959 3267 590):
977 3203 1087 3258 redivi
1093 3221 1132 3258 va
1150 3210 1240 3260 autem
1257 3211 1328 3273 sunt,
1347 3221 1419 3276 quae

287 3300 326 3339 rx
351 3284 462 3338 vetustis
487 3287 654 3338 renovantur
676 3289 703 3337 at
725 3284 825 3354 quast
852 3285 886 3337 in
912 3284 1017 3338 vitam
1046 3301 1167 3340 navam
1194 3286 1321 3340 adsumta
1347 3302 1418 3340 nova

287 3365 383 3436 forma
401 3364 491 3418 denuo
516 3368 692 3427 revocantur,
719 3379 768 3416 seu
790 3379 841 3418 vua
868 3380 933 3419 casu
957 3366 1149 3431 restituuntur,
1176 3372 1207 3420 ut
1230 3367 1420 3422 redivivus

288 3444 393 3517 lapis,
420 3446 470 3516 qni
486 3461 524 3500 en
540 3450 629 3499 vetera
651 3445 687 3497 in
708 3459 831 3499 navum
854 3444 1061 3515 aedificium
1085 3448 1284 3503 translatus
1301 3448 1342 3502 de
1364 3449 1421 3502 in-

288 3531 385 3598 trare
398 3525 548 3597 politur.

357 3608 378 3672 ⁴)
398 3606 498 3661 Festus
515 3622 543 3674 p.
563 3609 611 3659 265
629 3603 667 3657 M.
691 3603 787 3660 Radus
803 3605 847 3660 vel
862 3605 967 3660 raudus
983 3607 1123 3679 sianifirat
1138 3625 1196 3663 rem
1212 3608 1307 3663 rudem
1325 3614 1352 3662 et
1369 3611 1417 3663 tm-

282 3687 449 3757 perfratam.
484 3701 548 3739 nam
566 3699 683 3738 sanum
701 3701 810 3754 quaque
830 3685 956 3741 raudus
973 3687 1116 3759 appellant
1133 3693 1248 3760 poetae,
1272 3694 1304 3742 ut
1321 3689 1421 3745 Acrius

287 3767 318 3820 in
335 3765 497 3836 Melanippa
515 3781 543 3818 u.
561 3780 583 3818 ι.
601 3781 632 3818 w.
669 3767 670 3772 ’

358 3847 379 3910 ⁶)
403 3844 584 3900 Ueberliefert
606 3845 643 3899 ist
665 3861 699 3899 aa
721 3847 820 3911 sulcis,
843 3849 935 3902 womit
952 3848 1072 3902 arsuras
1089 3849 1206 3917 gemeint
1222 3850 1272 3917 ἰοῖς
1297 3867 1319 3906 e.
1337 3850 1419 3906 Hand

289 3929 394 3994 quaest,
414 3926 512 3981 Getull.
531 3925 558 3980 S.
578 3932 592 3979 5
610 3925 639 3994 f,
657 3925 718 3980 dem
736 3926 874 3993 Schwabe,
893 3929 971 3996 Ellis,
989 3929 1113 3983 Bthrene
1132 3929 1229 3997 fulgen.

358 4007 379 4071 ⁶)
398 4005 471 4060 Feet.
485 4010 556 4074 ep.3
575 4009 652 4072 aare,
671 4023 750 4077 quem
770 4007 868 4063 Graeci
885 4005 969 4068 ἄξονα
987 4008 1095 4073 dieunt,
1116 4009 1218 4078 plures
1235 4010 1318 4068 habet
1333 4013 1420 4083 siqni-

285 4085 437 4155 ficationes.
467 4086 539 4142 Nam
556 4095 582 4141 et
594 4103 667 4159 pars
683 4087 755 4143 caeli
770 4089 991 4160 septentrionalis
1007 4087 1038 4144 rt
1051 4091 1136 4161 eiures
1153 4095 1231 4160 teret,
1251 4094 1325 4148 eirca
1338 4109 1418 4163 quem
