3218 4934
578 467 701 523 Schedae
719 468 919 538 grammaticae.
1252 462 1313 526 107

186 640 312 724 persica
328 641 431 724 party,
455 629 589 706 zendica
608 643 693 725 paiti
706 641 941 725 comparandas
963 657 1034 706 esse
1057 658 1161 722 neque
1184 639 1224 704 ab
1249 659 1313 706 uno

186 744 283 820 atque
316 736 430 802 eodem
461 738 619 804 vocabulo
648 739 804 822 originem
833 739 969 804 traxisse
997 744 1031 801 ut
1062 757 1228 819 censeam,
1262 737 1314 804 his

186 835 392 920 potissimum
409 836 513 902 causis
535 835 692 903 adducor:
726 837 838 918 altera,
862 855 945 918 quae
967 835 1032 900 iam
1054 835 1159 900 Pottio
1182 834 1314 900 maximi

187 953 259 1000 esse
276 934 430 1000 momenti
444 933 623 1017 videbatur,
646 936 727 1000 haee
742 941 800 1014 est,
823 933 909 1018 quod
925 933 1177 1018 etiamlinguae
1198 952 1314 1015 cogna·
1339 991 1343 998 .

187 1036 250 1113 tae,
273 1030 307 1095 in
328 1030 452 1112 quibus.
465 1030 618 1097 damnum
641 1033 747 1116 sonip
769 1032 888 1097 factum
911 1051 982 1098 esse
1004 1031 1099 1096 certis
1121 1031 1313 1113 quibusdam

189 1129 345 1212 exemplis
367 1128 547 1195 confirmari
569 1151 634 1196 non
657 1137 772 1214 potest,
796 1129 1041 1196 eremetissima
1057 1135 1164 1194 aetate
1179 1129 1313 1194 formam

150 1277 155 1288 .
182 1228 257 1310 patr·
277 1225 413 1292 eundem
436 1227 470 1291 in
492 1227 622 1293 modum
645 1235 742 1310 atque
761 1230 853 1312 preti
865 1235 1062 1294 asservatam
1086 1247 1156 1294 esse
1179 1246 1237 1292 nos
1260 1227 1314 1292 do·

188 1329 293 1388 ceant.
324 1322 418 1390 (lerte
432 1324 473 1389 ab
490 1325 552 1391 hac
569 1325 672 1391 lorma
693 1326 864 1410 principali
881 1327 956 1410 poti
976 1325 1129 1408 originem
1153 1324 1314 1390 duxerunt

182 1421 276 1504 pctip
298 1421 333 1486 in
347 1421 516 1488 Persarum
538 1423 799 1506 inscriptionibus
821 1424 975 1502 cuneatis,
994 1425 1067 1507 pct⁰
1088 1423 1140 1488 vel
1159 1421 1239 1504 pcd⁰
1260 1422 1313 1488 vol

185 1521 265 1602 pup⁰
281 1517 372 1596 (πός)
388 1521 440 1585 vel
461 1541 505 1604 pa
518 1518 589 1597 (πό)
611 1519 645 1584 in
668 1539 776 1585 eorum
793 1520 940 1586 dialectis
962 1518 1201 1597 recentioribus,
1222 1520 1312 1601 puisi,

190 1615 322 1681 zendica
337 1617 449 1698 forma,
467 1616 541 1682 dein
557 1617 751 1698 armeniaca,
768 1637 862 1700 quam
871 1617 994 1683 Pettius
1007 1619 1057 1682 Et.
1070 1616 1200 1682 Forsch.
1213 1616 1237 1696 I,
1251 1619 1313 1680 273
1431 1682 1434 1687 ,

187 1712 294 1794 affert,
324 1715 451 1798 syllaba
472 1715 576 1798 prima
598 1715 767 1781 verborum
790 1714 902 1780 horum
925 1716 1113 1780 latinorum:
1149 1714 1312 1798 pot-rapo,
1368 1793 1380 1808 N

182 1810 319 1894 pol-luo,
337 1813 499 1896 por-ripo,
518 1812 692 1896 poa-rideo,
714 1834 799 1897 pono
814 1833 872 1896 pro
887 1809 1032 1896 *postca
1047 1813 1183 1878 aliorum
1198 1833 1315 1897 pauco·

187 1929 256 1972 rum
279 1911 373 1986 (Pott.
396 1909 537 1987 ibidem).
580 1912 618 1975 In
641 1911 754 1994 lingua
774 1910 909 1976 zendica
930 1929 949 1976 e
970 1919 1058 1977 certa
1080 1910 1218 1993 quadam
1241 1914 1315 1995 lege

188 2025 207 2071 e
223 2009 316 2089 prati
335 2006 445 2090 *frati
457 2015 554 2090 atque
570 2029 588 2075 e
606 2011 705 2093 porti,
730 2007 815 2092 quod
832 2008 967 2074 formam
991 2008 1200 2102 principalem
1215 2008 1315 2076 fuisse

186 2103 303 2186 aliquis
325 2104 483 2186 coniiciat,
507 2104 624 2190 *puali
642 2106 708 2174 fieri
730 2106 851 2172 debuit.
881 2106 963 2170 Pati
982 2106 1077 2190 igitur
1098 2107 1201 2172 forma
1222 2107 1313 2174 indo·

187 2204 371 2284 germanica
393 2201 469 2284 luit,
493 2222 588 2285 quam
611 2205 788 2269 nonnullae
810 2203 941 2287 linguae
963 2207 1183 2272 asservabant.

272 2297 395 2376 Quibus
411 2301 587 2382 perspectis
602 2302 700 2367 ourid
713 2303 788 2385 poti
800 2307 831 2366 et
846 2320 995 2383 graecum
1012 2308 1102 2380 nort,
1116 2322 1199 2385 quae
1214 2304 1313 2386 plane

186 2393 270 2458 inter
291 2414 363 2460 sese
385 2399 585 2480 conspirant,
615 2398 759 2464 conferre
784 2418 850 2463 non
872 2399 983 2481 liceat,
1013 2420 1077 2464 non
1106 2400 1313 2484 intellegit-ur.

274 2491 357 2556 Dein
386 2497 421 2556 ut
451 2499 483 2558 et
514 2496 604 2577 proti
630 2502 661 2560 et
688 2497 762 2579 pao·
788 2515 828 2560 ex
856 2503 963 2562 aetate
991 2496 1254 2578 indogermanica
1280 2498 1314 2563 in

187 2587 330 2676 linguam
353 2607 502 2670 graecam
522 2596 723 2673 transgressa
737 2598 834 2674 atque
850 2593 1034 2658 discrimine
1048 2593 1313 2675 significationum

187 2687 314 2753 sublato
336 2686 455 2752 sensim
478 2688 659 2770 promiscue
681 2695 836 2773 usurpata
858 2710 930 2756 esre
959 2689 1026 2766 (cir.
1049 2687 1134 2771 μετά
1157 2697 1189 2755 et
1210 2690 1314 2771 πεὸά)

101 2855 103 2863 ,
186 2789 352 2867 putemus,
383 2785 486 2863 altera
508 2805 673 2852 movemur
695 2805 803 2852 causa.
847 2788 900 2853 rit
928 2806 1023 2868 sane,
1053 2793 1088 2852 ut
1111 2812 1129 2871 ρ
1153 2789 1312 2856 interdum

188 2882 341 2965 eliciatur,
375 2883 516 2949 maxime
549 2892 657 2950 tamen
689 2892 765 2951 ante
798 2905 968 2952 consonas.
1013 2887 1126 2969 Itaque
1155 2907 1195 2952 ex
1223 2890 1317 2971 proti

187 2981 323 3063 primum
347 2981 496 3046 creticum
519 2979 601 3047 illud
624 2987 728 3068 rropcl
750 2990 782 3050 et
803 2983 880 3050 inde
902 2987 984 3048 ποτέ
1006 2982 1124 3049 lactum
1147 3004 1218 3051 esse
1241 3006 1314 3051 con·

187 3077 338 3144 tenditur.
375 3077 445 3157 Quo
462 3099 611 3146 concesso
630 3089 770 3163 quantae
793 3079 997 3146 difficultates
1019 3081 1152 3148 formam
1176 3088 1238 3149 ποί
1261 3103 1314 3150 ex·
1353 3081 1361 3098 ’

188 3175 321 3256 plicanti
337 3175 474 3258 obstent,
490 3176 574 3242 infra
584 3178 776 3260 videbimus,
792 3178 819 3243 si
830 3178 989 3261 quomodo
1004 3177 1122 3246 formas
1138 3189 1315 3264 pcarentes

188 3270 272 3334 inter
294 3290 330 3336 se
351 3279 516 3338 conectam
540 3280 572 3340 et
586 3275 753 3359 explicem,
778 3274 1050 3343 demonstravero.
1079 3278 1157 3343 Mihi
1177 3279 1315 3345 alorma

185 3368 259 3449 pati
283 3365 495 3449 proficiscenti
523 3371 723 3454 aptissimum
751 3373 878 3439 videtur
906 3394 972 3441 rem
1001 3375 1047 3440 ita
1067 3375 1249 3454 instituere,
1280 3383 1315 3443 ut

188 3463 383 3547 multiplices
405 3464 522 3531 lormas
545 3466 753 3551 disponamus
776 3469 860 3536 hunc
881 3470 948 3538 iere
970 3472 1004 3536 in
1026 3472 1155 3537 modum

274 3565 305 3639 a)
343 3562 600 3628 Doriensium
630 3565 794 3650 formas,
824 3587 907 3650 quae
929 3574 1030 3635 ποτέ
1051 3567 1133 3634 πότ
1155 3568 1207 3634 πό
1231 3579 1313 3655 sunt,

274 3659 308 3734 b)
344 3658 543 3725 Arcadum
575 3667 611 3726 et
640 3661 900 3748 Cypriorum,
934 3686 955 3731 a
984 3668 1099 3749 quibus
1127 3673 1246 3747 ποτί,
1280 3677 1315 3734 ut

187 3753 380 3840 aptandum
405 3757 439 3822 in
468 3756 677 3842 τριακάσιοι,
711 3761 814 3846 primo
841 3763 875 3830 in
904 3769 1050 3845 *rroot,
1081 3766 1206 3832 lumin
1235 3764 1315 3844 πός

187 3859 221 3919 ct
244 3851 298 3918 πό
321 3860 370 3920 est
392 3863 627 3923 commutatum.

274 3956 303 4029 c)
340 3953 581 4036 Argivorum
610 3955 777 4022 formam
807 3961 898 4036 ποί,
933 3979 1029 4043 quam
1058 3961 1314 4046 ipsam-quoque

189 4066 230 4114 ex
251 4055 361 4115 *ποσι
383 4072 441 4135 pro
464 4057 546 4118 ποτέ
568 4073 639 4120 esse
660 4059 769 4118 natam
791 4056 909 4138 aliquis
931 4058 1095 4141 coniiciat,
1125 4063 1314 4143 praesertim
