3226 4948
295 479 337 532 De
355 475 464 530 ablativi
476 475 509 528 in
527 473 662 528 veteribus
680 473 777 543 linguis
795 473 896 528 italicis
914 471 1001 528 forma
1019 477 1046 528 et
1064 488 1116 527 usu
1133 474 1222 531 locali.
1259 471 1319 533 393

195 653 323 719 fabulas
355 648 627 734 perscrutantibus
660 648 753 713 nobis
788 646 917 712 dubium
952 654 1015 728 est,
1051 668 1126 713 num
1156 650 1321 734 Tychonis

197 749 387 816 Mommseni
417 748 615 830 (Programm
643 744 674 811 d.
699 746 852 829 Gymnas.
884 767 909 811 z.
933 745 1110 812 Frankfurt
1130 747 1203 820 atM.
1230 750 1320 830 1874,

201 849 294 922 1876)
317 844 478 912 sententia
500 845 598 928 plane
620 844 790 926 probanda
804 844 845 910 sit
861 844 995 910 dicentis
1010 844 1043 909 in
1066 864 1163 928 prosa
1178 845 1321 910 oratione

197 943 310 1029 plnres
320 941 573 1028 praepositiones
588 961 683 1024 quam
699 940 732 1006 in
751 941 840 1025 poesi
855 941 1018 1008 adhibitas
1034 961 1114 1008 esse.
1152 939 1230 1006 Cum
1246 962 1322 1010 vero

91 1043 95 1048 '
197 1043 230 1107 in
246 1049 400 1108 terrarum
415 1048 511 1122 atque
525 1041 650 1105 urbium
666 1039 848 1106 nominibus
866 1039 1065 1122 potissimum
1080 1059 1155 1107 usus
1171 1041 1323 1124 antiquis·

198 1141 296 1208 simus
318 1141 536 1222 cognoscatur,
564 1138 766 1223 haecterba
787 1156 930 1204 seorsum
951 1137 985 1203 in
1008 1139 1072 1204 fine
1093 1138 1323 1204 tractabuntur.

285 1237 368 1308 Oasu
391 1235 543 1316 ablativo,
566 1235 600 1299 id
623 1234 708 1318 qnod
730 1235 794 1300 iam
810 1243 935 1301 veteres
951 1235 1102 1301 Indorum
1123 1237 1323 1319 grammatici

197 1337 434 1416 intellexerunt,
458 1352 497 1398 ea
518 1353 569 1398 res
591 1333 729 1414 effertur,
753 1352 852 1416 aqua
867 1332 944 1415 quid
959 1339 1142 1417 separatur;
1165 1334 1199 1398 in
1222 1335 1324 1400 latina

199 1442 310 1501 contra
337 1435 449 1514 lingua
471 1431 523 1496 bic
545 1452 637 1498 oasus
667 1438 794 1516 praeter
822 1431 983 1515 propriam
1010 1431 1100 1497 illam
1122 1431 1186 1496 vim
1210 1433 1324 1497 instru-

199 1533 348 1599 mentalis
378 1549 503 1614 quoque
536 1537 568 1595 et
596 1531 725 1596 locativi
759 1536 867 1613 partes
897 1529 930 1594 in
960 1549 996 1595 se
1029 1529 1183 1612 suscepit,
1217 1531 1325 1618 itaque

198 1631 315 1697 iactum
339 1635 401 1709 est,
427 1635 462 1692 ut
484 1629 578 1694 homo
601 1628 720 1693 latinus
742 1626 884 1696 ablativo
907 1647 983 1694 casu
1006 1627 1049 1693 ad
1071 1647 1127 1692 eas
1148 1628 1325 1709 interroga·
1409 1688 1413 1695 ρ

199 1729 302 1794 tiones
325 1727 521 1810 respondere
547 1732 665 1808 posset,
689 1744 772 1807 qnae
794 1731 867 1790 sunt
889 1725 922 1789 in
945 1731 1055 1791 nostra
1077 1726 1187 1809 lingua
1210 1724 1324 1799 weber,

199 1845 257 1900 wo,
280 1825 393 1895 uomit,
414 1823 578 1897 wodanem
602 1843 677 1888 nam
694 1841 765 1888 eam
780 1822 855 1904 vim,
878 1843 961 1904 quae
977 1829 1025 1890 est
1039 1823 1073 1888 in
1089 1830 1198 1890 nostro
1215 1822 1323 1895 mohin,

200 1943 295 2007 quam
318 1922 534 1988 Buechelerns
557 1921 624 2000 (Gr.
641 1941 715 2004 pag.
732 1923 785 1997 46)
808 1921 881 1986 huie
903 1921 991 1987 casui
1014 1921 1140 2003 tribuit,
1163 1921 1194 1987 ei
1216 1939 1326 1986 conce·

126 2061 127 2064 =
200 2019 340 2087 dendam
363 2040 428 2084 non
451 2039 522 2086 esse
544 2019 628 2084 infra
651 2018 872 2084 demonstrare
895 2019 1090 2084 conabimur.

286 2117 534 2184 Considerantes
562 2117 668 2200 igitur,
702 2116 861 2199 quomodo
895 2117 947 2182 hic
975 2137 1067 2184 casus
1099 2116 1142 2182 ad
1175 2117 1327 2182 terminos

199 2215 319 2281 locales
342 2213 569 2295 significandos
591 2213 843 2304 usurpatus'sit,
866 2215 949 2295 viae,
973 2235 1068 2299 quam
1092 2214 1327 2281 Dolbrueokius

200 2312 321 2397 primus
332 2305 506 2394 ‘ingressus
522 2319 579 2393 est,
603 2331 661 2377 nos
677 2312 919 2388 committemus.
950 2311 1012 2391 Qui
1030 2332 1122 2378 oasus
1138 2332 1218 2394 oum,
1243 2307 1327 2394 quod

199 2409 264 2475 iam
281 2428 379 2497 supra
396 2408 568 2491 tetigimus,
591 2409 756 2474 nonnullis
771 2408 843 2474 aliis
866 2428 926 2491 par
940 2408 1038 2491 fieret,
1062 2410 1179 2489 evenit,
1202 2416 1237 2473 ut
1259 2429 1328 2491 per-

169 2525 171 2532 ·
201 2506 380 2591 spicuitatis
409 2525 506 2572 cansa
531 2525 630 2590 saepe
658 2526 729 2572 cnm
759 2505 1049 2592 praepositionibus
1071 2507 1327 2589 coniungeretur,

202 2625 243 2672 ex
266 2604 380 2687 quibus
402 2623 466 2669 non
489 2623 561 2668 raro
583 2605 790 2687 intellegitur,
813 2609 918 2667 utrum
941 2624 1016 2670 usus
1039 2604 1169 2687 qnidam
1192 2604 1328 2669 ablativi

122 2701 125 2706 '
202 2702 349 2788 proprius
371 2722 414 2767 an
429 2702 682 2767 instrumentalis
697 2722 739 2767 an
761 2701 918 2767 locativus
941 2701 1087 2785 primitus
1103 2701 1206 2783 luerit,
1229 2721 1328 2784 qnare

202 2801 235 2864 in
259 2799 404 2882 sequenti
427 2799 615 2880 quaestione
645 2817 754 2864 casum
783 2798 904 2863 nudum
927 2819 947 2864 a
969 2818 1044 2864 casu
1067 2818 1136 2865 cum
1166 2800 1329 2883 praeposi-

203 2897 291 2963 tione
314 2897 482 2962 ooniuncto
504 2902 688 2978 separatum
711 2895 929 2961 tractabimus.

289 2995 395 3060 Primo
417 2995 546 3076 quidem
576 2995 646 3059 loeo
670 2993 711 3060 de
739 2992 929 3077 primigenio
955 2993 1049 3060 huius
1072 3013 1164 3061 casus
1187 3015 1244 3061 usu
1268 2994 1329 3062 dis·

203 3113 356 3161 seramus.

557 3237 703 3307 Ablativi
725 3264 801 3306 nous
822 3247 980 3323 proprius.

290 3380 315 3445 I.
360 3380 531 3446 Ablativus
553 3400 624 3462 cum
646 3381 753 3447 verbis
776 3380 937 3460 movendi,
961 3380 1067 3462 eundi,
1090 3380 1235 3463 pellendi
1258 3399 1330 3446 con·

204 3478 340 3543 iunctus.

294 3581 322 3653 1)
355 3575 463 3641 Verba
485 3574 651 3658 simplicia.
916 3635 917 3640 ,

292 3675 322 3748 a)
356 3671 416 3737 llic
445 3672 618 3756 praecipue
647 3673 738 3736 domo
767 3680 800 3738 et
826 3694 904 3736 rore
932 3671 1211 3737 commemoranda
1240 3679 1329 3756 sunt3

206 3791 270 3854 qua
306 3770 420 3836 ductus
456 3770 589 3836 ratione
618 3771 804 3836 Lorentzius
842 3770 886 3842 lin
924 3769 974 3837 ed.
1012 3769 1229 3836 Mostellariae
1266 3769 1329 3836 lab.

205 3889 279 3952 pag.
304 3870 379 3946 262)
407 3867 528 3934 formae
556 3870 631 3931 rori
655 3889 729 3933 num
759 3866 871 3936 eadem
895 3868 943 3934 vis
967 3887 1038 3934 esse
1066 3868 1167 3950 possit
1197 3867 1329 3950 dubitet,

206 3967 329 4049 nescim
367 3986 427 4031 nos
460 3965 588 4048 quidem
618 3987 683 4032 non
713 3967 826 4033 {alsam
858 3986 928 4033 esse
965 3973 1113 4050 putamus
1142 3965 1331 4032 Buecheleri

207 4065 414 4150 sententiam,
450 4065 503 4148 qui
531 4066 605 4128 νυνι·
630 4065 765 4131 ablativi
799 4065 958 4149 propriam
993 4065 1126 4130 formam
1160 4083 1230 4130 esse
1258 4083 1331 4129 cou-
