3194 4936
287 477 329 540 68
526 541 533 548 ,
702 485 705 491 ’
789 477 922 533 Baunaok

285 653 334 762 otti
356 649 477 734 roojaro
501 648 709 734 ubhrilztrprtsi
726 646 850 732 proin).
894 649 946 715 De
966 652 1031 732 got.
1047 646 1148 710 thetim
1169 666 1211 714 ex
1232 645 1417 734 *too-jano

285 747 515 930 mderiitgiuarm
529 845 616 928 quod
630 845 664 911 in
679 826 741 910 hae
755 841 999 926 quaestiuncula
1017 842 1112 909 nobis
1133 863 1412 928 proposueramus,

283 949 383 1010 restat
404 950 440 1008 ut
462 943 649 1026 explicetur.
693 941 763 1006 Iam
789 939 874 1006 enim
903 940 1185 1022 pronominum
1214 960 1417 1028 persona·

239 1047 242 1058 ’
283 1041 382 1106 lium
403 1039 592 1122 genetivi
614 1039 754 1122 graeei
775 1037 841 1119 illi,
872 1035 900 1102 si
923 1055 978 1118 ea,
1000 1056 1085 1120 quae
1107 1036 1148 1122 de
1170 1038 1413 1122 pronominibus

167 1168 170 1174 ·
284 1137 476 1221 possessivis
498 1156 596 1220 supra
618 1135 701 1220 dixi,
724 1134 879 1202 memoria
900 1134 1053 1215 tenebis‚'
1077 1133 1220 1201 iaoillimi
1243 1143 1338 1201 erunt
1359 1157 1414 1204 ex-

284 1234 415 1319 plioatu.
459 1233 632 1314 Quorum
661 1233 821 1316 quidem
849 1231 925 1298 duo
953 1251 1110 1315 genera
1139 1240 1235 1299 sunt
1264 1233 1418 1301 distin·

286 1329 454 1416 guenda.
1198 1371 1201 1377 ·

371 1430 477 1512 Atque
498 1428 635 1512 primum
650 1426 780 1511 quidem
801 1427 926 1492 Iones
942 1431 981 1493 et
995 1411 1125 1494 Attici
1146 1427 1303 1510 genuinos
1318 1447 1415 1512 gene·

285 1525 369 1592 tivos
392 1525 558 1610 praebent,
582 1544 624 1598 ex
638 1545 772 1610 quorum
786 1523 897 1590 formis
912 1522 1060 1590 suffixum
1075 1523 1217 1606 genetivi
1232 1524 1299 1610 -rju
1314 1527 1415 1609 plane

285 1630 432 1708 apparet.
475 1625 527 1689 Ita
548 1620 643 1706 ἐμεῖο
666 1643 708 1691 ex
729 1619 882 1708 *mo-rja,
904 1631 997 1687 τεοῖο
1013 1626 1046 1688 et
1062 1631 1153 1688 τεοῖο
1176 1641 1217 1688 ex
1238 1619 1415 1708 *tuos-oja,

285 1731 359 1787 roto
383 1720 483 1806 (apud
504 1721 582 1787 Hes.
604 1717 695 1806 ἀμφὶ
715 1731 806 1785 τοῖο·
835 1719 917 1804 περὶ
940 1724 1014 1796 σοῦ)
1043 1729 1129 1797 σοῖο,
1162 1729 1235 1785 σεῖο
1258 1739 1300 1786 ex
1321 1717 1415 1784 *too-

286 1817 338 1901 sja
366 1819 433 1891 teir.
457 1818 506 1883 nd.
530 1818 688 1902 tlrwohyo)
717 1823 795 1883 nata
823 1823 913 1897 sunt,
943 1821 1055 1881 eontra
1083 1816 1208 1884 formae
1230 1815 1321 1900 ἐμοῦ,
1353 1825 1416 1884 σοῦ

287 1914 511 1982 declinationis
533 1913 696 1982 seeundae
717 1913 890 1980 nominalis
911 1913 1053 1996 genetivi
1068 1932 1109 1978 ex
1130 1915 1309 1998 posteriore
1327 1937 1417 1984 more

326 2081 446 2164 astirpe
463 2097 508 2136 ma
961 2093 978 2134 a
995 2079 1081 2150 stirpe
1098 2082 1186 2152 mur-jo

305 2217 306 2220 Ἴ
913 2159 973 2224 (cir.
992 2174 1076 2229 supra
1093 2176 1177 2226 meus,
1194 2161 1289 2223 meins)

367 2230 427 2271 aro.
445 2226 517 2270 mom
535 2219 580 2282 (ex
596 2218 729 2282 *ma-am)

369 2295 424 2350 abl.
445 2301 515 2350 mco-t
531 2295 592 2361 (eir.
611 2303 700 2353 armat
716 2297 779 2365 alia)
998 2295 1077 2352 instr.
1096 2297 1185 2367 roo-jo

367 2377 421 2432 loe.
444 2387 487 2431 mo·
504 2380 547 2444 (ex
564 2378 663 2445 *ma-r)
999 2377 1061 2446 [loa.
1096 2376 1186 2448 mur-jo]

369 2456 423 2512 dut.
446 2455 597 2529 ma-otjrrm

662 2552 680 2592 a
697 2537 783 2608 stirpe
801 2553 903 2592 οπο-οπο

762 2617 832 2684 (vide
848 2621 944 2688 supra)

723 2768 783 2821 gen.
802 2769 903 2808 mor-ma
920 2756 972 2819 (est
987 2755 1124 2822 neutrum)

651 2833 709 2888 red.
728 2834 783 2888 abl.
801 2838 936 2888 mu-ma-t.

290 2949 419 3017 originem
436 2949 552 3005 traxisse
569 2948 728 3018 putaverim.
765 2940 850 3004 simili
866 2947 946 3004 modo

337 3144 339 3148 .
392 3079 425 3118 ex
442 3065 527 3134 stirpe
545 3071 574 3201 οἷο
927 3081 961 3120 ex
978 3067 1065 3137 stirpe
1082 3071 1138 3199 ίοΙ-ιι
1227 3089 1229 3093 ·

425 3215 496 3256 nom.
516 3206 602 3256 iar-om
997 3217 1055 3258 roo.
1074 3207 1145 3257 tuom
1163 3205 1208 3270 (ex
1224 3205 1358 3269 *tva-om)

286 3331 288 3334 .
341 3277 398 3335 ved.
416 3278 495 3336 instr.
514 3281 575 3336 tor-ct
996 3283 1050 3338 abt
1074 3287 1143 3338 tvo-t

438 3359 493 3416 dat.
512 3360 667 3434 tu-blrJotm)
995 3363 1047 3418 loo.
1075 3367 1117 3418 tvo
1135 3367 1162 3418 et
1179 3368 1205 3417 te
1224 3365 1268 3430 (ex
1282 3363 1380 3430 *too-r]

359 3508 392 3548 ex
409 3493 494 3564 stirpe
511 3496 600 3568 too-ja
963 3512 997 3554 ex
1015 3496 1099 3566 stirpe
1117 3500 1180 3552 tono

426 3632 491 3698 (got.
510 3629 599 3686 thorno
615 3646 666 3702 pro
685 3632 851 3705 *troffo-ao)
1032 3647 1091 3702 gen.
1112 3637 1175 3688 iuva
1192 3636 1301 3698 (neutri

408 3709 489 3764 instr.
507 3712 596 3783 toa-ju

427 3789 489 3858 [loo.
510 3792 601 3864 toa-js]

290 3903 408 3958 formata
425 3915 484 3957 esse
496 3897 634 3962 ridentur.
660 3905 728 3961 Inde
739 3903 822 3974 rides,
840 3921 920 3976 quam
934 3909 994 3962 arte
1008 3921 1121 3962 ossuum
1133 3910 1161 3961 et
1173 3921 1270 3962 vocum
1286 3906 1413 3964 formatio

185 4012 188 4025 ·
291 3982 329 4039 sit
346 3981 504 4039 coniuncta:
523 3984 679 4054 quotidem
694 3984 882 4044 Sohleioherus
895 3991 924 4044 et
937 3985 1046 4043 Gurtius
1058 3986 1113 4042 iam
1125 3985 1218 4042 multis
1235 3985 1304 4044 locis
1323 3990 1412 4042 osten-

290 4063 396 4118 derunt
480 4073 487 4088 ¹
