3194 4936
597 504 718 560 Sehedae
735 505 930 573 grammaticae.
1288 499 1328 560 63

205 737 247 802 ΙΙ.
292 738 347 803 De
369 735 528 820 graeeis
558 735 868 820 pronominibus
895 733 1148 820 possessivis
1172 752 1329 798 eorum-

348 853 423 917 que
445 834 631 901 ablativo
653 833 841 917 genetivi
863 834 951 899 loeo
974 836 1181 915 usurpato.

289 971 378 1036 Inter
404 971 532 1053 linguas
559 968 839 1053 indogermanioas
868 975 955 1036 oerte
982 968 1073 1034 nulla
1098 967 1193 1050 plura
1214 983 1329 1046 prono·

204 1065 292 1132 mina
319 1068 503 1150 possessiva
524 1087 623 1149 quam
649 1067 805 1134 sanserita
830 1065 1019 1150 procreavit.
1064 1063 1129 1130 Sed
1151 1062 1184 1127 in
1208 1059 1329 1127 vediois

203 1163 332 1247 hymnis
360 1183 399 1230 ea
428 1165 520 1248 eopia
549 1163 691 1231 nondum
721 1169 836 1232 exstat.
880 1165 919 1228 In
947 1162 1094 1246 Rigveda
1123 1159 1208 1226 enim
1237 1157 1329 1223 nulla

203 1261 269 1326 alia
297 1260 487 1342 pronomina
514 1262 698 1344 possessiva
723 1281 818 1344 quam
841 1249 1002 1334 mdmalro,
1033 1257 1160 1332 tdeolra,
1192 1253 1328 1328 asartha,

201 1355 376 1443 yusbmdlra
398 1358 484 1422 etin
510 1357 693 1426 Sdmaveda
715 1359 817 1424 solum
841 1356 984 1422 asmata
1012 1356 1228 1436 inveniuntur,
1257 1373 1328 1418 eum
1354 1418 1356 1421 .

203 1454 360 1521 sanserita
387 1453 498 1536 lingua
520 1455 671 1536 elaeatae,
701 1475 784 1536 quae
805 1462 946 1538 voeatur,
976 1462 1052 1537 quot
1073 1457 1147 1518 sunt
1170 1450 1328 1535 pronomi-

204 1569 280 1617 num
302 1551 518 1634 personalium
541 1571 715 1634 personae‚
744 1558 792 1617 tot
814 1557 846 1618 et
872 1570 993 1633 genera
1016 1557 1048 1616 et
1069 1550 1189 1615 elavses
1216 1565 1331 1629 prono·

203 1648 323 1715 minum
346 1649 599 1732 possessivorum
622 1650 692 1714 sola
718 1667 776 1732 per
798 1667 869 1714 sese
892 1647 1063 1728 meaverit,
1094 1665 1112 1711 e
1135 1645 1265 1727 quihus,
1296 1650 1330 1707 ut

204 1746 386 1830 exemplum
402 1746 544 1829 afferam,
568 1765 726 1830 personae
741 1745 865 1830 primae
881 1745 979 1811 series
995 1744 1076 1810 haee
1091 1750 1152 1812 est:
1175 1739 1327 1811 mamaea,

203 1843 395 1918 mamutius,
421 1841 557 1928 mastya.
603 1844 726 1910 Eodem
750 1849 856 1909 antem
879 1841 975 1907 modo
998 1841 1141 1924 reliquae
1171 1855 1330 1922 personae

204 1947 236 2008 et
257 1941 429 2023 singularis
452 1947 484 2007 et
505 1941 638 2024 pluralis
660 1942 783 2008 numeri
799 1938 922 2006 similes
937 1939 1091 2006 exhibent
1113 1937 1240 2004 formas.
1274 1934 1329 1999 At·

188 2038 257 2121 ¹qui
279 2037 430 2104 Indorum
452 2038 584 2121 linguae
606 2039 728 2105 formae
751 2039 927 2104 nonnullae
949 2056 990 2102 ex
1012 2035 1085 2102 aliis
1108 2034 1228 2117 linguis
1250 2033 1328 2100 satis

203 2142 299 2203 notae
321 2143 353 2202 et
374 2143 507 2219 apertae
530 2134 646 2202 desunt
668 2138 731 2217 vel,
755 2142 790 2200 ut
804 2135 921 2201 reetius
944 2133 1057 2217 dicam,
1082 2132 1195 2200 deesse
1219 2131 1330 2198 viden-

204 2241 263 2315 tur,
282 2253 415 2316 quarum
431 2231 602 2298 formarum
618 2233 756 2315 vestigia
772 2237 804 2298 et
819 2231 1002 2298 testimonia
1018 2251 1036 2298 e
1050 2231 1169 2314 linguis
1185 2228 1329 2312 eognatis

203 2349 287 2396 nune
310 2330 522 2412 oolligemus.¹
551 2330 633 2395 Dleo
657 2337 764 2395 autem
793 2329 945 2394 formas
968 2329 1162 2410 quasdam
1185 2347 1329 2412 prono·

202 2428 349 2490 minum
382 2427 713 2507 possessivorum
747 2425 900 2510 primae
934 2432 972 2491 et
1001 2425 1206 2492 secundae
1240 2443 1329 2508 per·

202 2541 338 2588 sonae

288 2619 326 2682 In
368 2617 510 2699 lingua
549 2615 754 2686 sanserita
790 2634 1013 2698 pronomen
1050 2615 1328 2695 possessivum

203 2714 359 2799 primae
388 2731 591 2798 personae
620 2731 762 2775 mama·
795 2711 908 2793 luisse,
948 2716 1083 2791 quatuor
1112 2717 1185 2775 sunt
1215 2711 1329 2793 quihus

203 2812 281 2878 mihi
304 2813 456 2896 probatur
477 2815 682 2893 argumenta:

291 2916 320 2987 1)
348 2910 391 2976 Ut
406 2908 540 2973 desalta-
556 2927 576 2972 a
591 2905 726 2992 simpliei
749 2926 828 2973 vete
850 2905 952 2980 deva,
976 2903 1091 2966 eksta-
1113 2904 1155 2970 ab
1178 2901 1251 2966 elta·
1274 2901 1328 2969 de-

203 3006 336 3090 seendit,
359 3007 405 3074 ita
426 2996 582 3072 mimata-
611 3005 654 3070 ad
682 3005 861 3071 breviorem
884 3003 1016 3086 stirpem
1045 3022 1162 3065 moma-
1190 3001 1329 3067 releren-

203 3105 278 3170 dum
307 3104 443 3187 videtur,
478 3123 573 3186 quam
607 3122 710 3184 aeque
738 3110 834 3184 atque
862 3100 936 3166 illas
966 3095 1068 3174 dona,
1106 3097 1181 3162 elra-
1212 3098 1328 3180 stirpes

202 3201 363 3284 quondam
387 3200 580 3282 declinatam
610 3219 681 3266 esse
710 3199 905 3265 contendere
926 3198 1019 3263 nohis
1045 3197 1127 3263 lieet.
1172 3196 1215 3261 At
1237 3193 1327 3260 dubi·

201 3298 317 3364 taverit
346 3299 417 3380 quis
440 3297 480 3364 de
503 3317 542 3364 ea
564 3297 780 3380 explicatione
800 3297 847 3360 ita
868 3301 903 3360 ut
924 3295 957 3359 in
985 3295 1089 3361 voeali
1117 3292 1240 3378 primae
1262 3293 1327 3376 syl·

200 3394 297 3460 labae
323 3393 424 3476 longa
452 3394 593 3461 haereat.
642 3395 744 3460 Istam
779 3400 887 3459 tamen
920 3393 1065 3459 veoalem
1098 3389 1326 3475 posterioribus

203 3491 331 3558 demum
359 3489 491 3573 linguae
523 3492 699 3558 sanseritae
727 3491 923 3574 temporibus
960 3508 1031 3555 esse
1064 3487 1250 3571 produotam
1280 3492 1326 3552 te·

201 3593 327 3653 stantun
360 3593 393 3652 et
421 3587 590 3667 mumulo,
628 3587 712 3671 quod
749 3589 845 3655 etiam
876 3587 1043 3670 Rigvedae
1076 3583 1187 3669 hymni
1224 3603 1325 3650 asser-

127 3759 128 3762 *
201 3705 335 3767 vavere,
365 3690 397 3752 et
423 3685 508 3750 aliae
536 3684 657 3752 formae
678 3685 774 3752 simili
797 3685 891 3752 modo
914 3683 1021 3767 fletae,
1051 3683 1096 3749 uti
1125 3679 1260 3762 eaqaha-
1283 3681 1324 3746 ab

201 3788 297 3865 adgu-
322 3782 509 3848 derivatum.

286 3883 318 3957 2)
348 3878 427 3945 Cum
450 3900 491 3946 ex
513 3879 642 3961 linguae
664 3880 839 3946 sanseritae
861 3878 986 3962 legibus
1001 3879 1160 3945 voeabula
1180 3878 1321 3943 deod-ta-

201 3983 297 4058 atque
319 3975 480 4040 daed-tna-
495 3996 516 4042 a
531 3996 608 4044 vooe
631 3977 723 4040 deva·
744 3975 900 4042 formatae
922 3975 995 4056 sint,
1019 3973 1113 4041 laeile
1134 3974 1195 4042 hae
1215 3977 1324 4043 simili-

200 4072 311 4139 tudine
333 4074 529 4157 addueimnr,
559 4073 647 4140 utin
671 4073 801 4140 voeihus
823 4073 945 4140 vedieis
966 4071 1131 4137 mame-ra·
1154 4080 1185 4142 et
1207 4075 1324 4137 mumd-
